@article{AugerGENERAL_2015,
    author = {Aab, Alexander et al.},
    collaboration = {Pierre Auger},
    title = {El Observatorio de Rayos Cósmicos Pierre Auger},
    eprint = {1502.01323},
    archivePrefix = {arXiv},
    primaryClass = {astro-ph.IM},
    reportNumber = {FERMILAB-PUB-15-034-AD-AE-CD-TD},
    doi = {10.1016/j.nima.2015.06.058},
    journal = {Nucl. Instrum. Meth. A},
    volume = {798},
    pages = {172--213},
    year = {2015}
}

%
%%%% Auger EXTRAGALACTIC CONFIRMATION
@article{augerextra,
title={Searches for Large-Scale Anisotropy in the Arrival Directions of Cosmic Rays Detected above Energy of $10^{19}$ eV at the Pierre Auger Observatory and the Telescope Array},
author={Aab, A. et al.},
year={2014},
journal={Astrophys. J.}
}
% ------------------------------------------------------------------------
@book{spurio_2015,
title={Particles and Astrophysics, A multi-messenger approach},
author={Spurio, M.},
year={2015},
publisher={Suiza, Springer}	
}
% ------------------------------------------------------------------------
@book{PDG,
title={Review of Particle Physics},
author={Patrignani, C. et al.},
collaboration={Particle Data Group},
volume={C40},
year={2016},
published={Chin. Phys.}
}
% ------------------------------------------------------------------------
@phdthesis{asorey_2012,
title="Los Detectores Cherenkov del Observatorio Pierre Auger y su Aplicación al Estudio de Fondos de Radiación",
author="Asorey, Hernán", 
year="2012",
school="Instituto Balseiro, Universidad Nacional de Cuyo, Comisión Nacional de Enrgía Atómica",
}
% ------------------------------------------------------------------------
@book{Griffiths,
title="Introduction to elementary particles; 2nd rev. version",
author="Griffiths, D.J.",
year="2008",
publisher="Wiley"
}
% ------------------------------------------------------------------------
@book{gaisser1990,
title="Cosmic Rays and Particle Physics",
author="Gaisser, T.K.",
year="1990",
publisher="Cambridge University Press"
}
% ------------------------------------------------------------------------
@techreport{Heck1998,
title="CORSIKA : A Monte Carlo Code to Simulate Extensive Air Showers",
author="Heck, D. and Knapp, J. and Capdevielle, J.N. and Schatz, G. and Thouw, T.",
institution="Forschungszentrum Karlsruhe GmbH",
number ="FZKA 6019",
pages = "1--98",
year = "1998"
}
% ------------------------------------------------------------------------
@book{heitler,
title="Quantum theory of radiation",
author="Heitler, W.",
year="1954",
edition="3rd ed.",
publisher="International Series of Monographs on Physics, Oxford"
}
% ------------------------------------------------------------------------
@inproceedings{AsoreyLAGO,
title="LAGO: the Latin American Giant Observatory",
author="Asorey, H. and Dasso, S. and {LAGO Collaboration}",
booktitle="The 34th International Cosmic Ray Conference",
volume="PoS(ICRC2015)",
pages="247",
year="2015"
}
% ------------------------------------------------------------------------
@misc{compton,
title="Efecto compton y efecto compton inverso",
publisher="Harvard-Smithsonian Center for Astrophysics",
howpublished="\url{http://chandra.harvard.edu/xray_astro/xrays.html}",
note="Accedido: 2018-07-16"
}
% ------------------------------------------------------------------------
@misc{kit,
title="Simulación del Institut für Kernphysik, Forschungszentrum Karlsruhe",
author="Oehlschläger, J. and Engel, R.",
url={https://web.ikp.kit.edu/corsika/movies/Movies.htm},
year={2018}
} 
%
------------------------------------------------------------------------
@inproceedings{lagoSW,
title={Preliminary Results From the Latin American Giant Observatory Space Weather Simulation Chain},
author={Asorey, Hernán and Núñez, Luis and Suárez-Durán, Mauricio},
journal={Space Weather},
year={2018}
}
% ------------------------------------------------------------------------
@misc{mauro:tesis,
  author       = {Suárez-Durán, M.}, 
  title        = {Instalación de un detector Chérenkov de agua para la detección de trazas de rayos cósmicos a 956 metros sobre el nivel del mar.},
  year         = 2011,
  note         = {Tesis de pregrado, Escuela de Física, Universidad Industrial de Santander, Colombia}
}
% ------------------------------------------------------------------------
@book{handbook:chem,
title="CRC Handbook of chemistry and Physics",
author=" Weast, R.C. Selby, S. M. and  Hodgman, C. D.",
year="1986",
publisher="The Chemical Rubber Co"
}
% ------------------------------------------------------------------------
@misc{andrei,
title="Estimación de la respuesta de un detector Chérenkov de agua al fondo de rayos cósmicos en Bucaramanga (956 M S.N.M).",
author="Jaimes-Motta, A.",
year="2018",
note= {Tesis de pregrado, Escuela de Física, Universidad Industrial de Santander, Colombia}
}
% ------------------------------------------------------------------------
@inproceedings{GDASpaper,
title="Global Atmospheric Models for Cosmic Ray Detectors",
author="Will, Martin for the Pierre Auger Collaboration",
booktitle="Atmohead Workshop",
year="2013",
}
% ------------------------------------------------------------------------
@article{GDAS,
title="The Global Land Data Assimilation System",
author="Rodell, M. and Houser P. R. and Jambor U. and Gottschalck J. and Mitchell K. and Meng C.-J. and Arsenault K. and Cosgrove B. and Radakovich J. and Bosilovich M. and Entin J. K. and Walker J. P. and Lohmann D. and Toll D.",
journal="Bulletin of the American Meteorological Society",
volume="85",
number="3",
pages="381-394",
year="2004"
}
% ------------------------------------------------------------------------
@article{lagoSWchain,
title = "Preliminary results from the latin american giant observatory space weather simulation chain. Space Weather",
author="Asorey, H., Núñez, L.A. y Suárez-Durán, M.",
journal="Space Weather",
volume="16",
number="5",
pages="461-475",
year="2018"
}
% ------------------------------------------------------------------------
@article{GEANT4,
author="Agostinelli, S. et al.",
title="GEANT4: A Simulation toolkit",
journal="Nucl. Instrum. Meth.",
volume="A506",
pages="250 - 303",
year="2003"
}
% ------------------------------------------------------------------------
@book{Meteo1,
   title =     {Essentials of Meteorology: An Invitation to the Atmosphere},
   author =    {Ahrens, C. Donald},
   publisher = {Brooks Cole},
   year =      {2011},
   edition =   {6},
}
% ------------------------------------------------------------------------
@misc{NOAA,
title="Average temperature profile for the lower layers of the atmosphere",
author="JetStream, National Weather Service",
howpublished="\url{https://www.weather.gov/jetstream/layers}",
note="Accedido: 2019-07-8"
}
% ------------------------------------------------------------------------
@misc{NOAA2,
title="Where is space?",
author="NESDIS NewsArticles, Satellite and Information Service, NOAA",
howpublished="\url{https://www.nesdis.noaa.gov/content/where-space}",
note="Accedido: 2019-07-8"
}
% ------------------------------------------------------------------------
------------------------------------------------------------------------
@article{Alania,
author = {Alania,Marco  and Araya,Ignacio J.  and Gómez,Adolfo V. Chamorro  and Huerta,Humberto Martínez  and Flores,Alejandra Parra  and Knapp,Johannes },
title = {Air Shower Simulations},
journal = {AIP Conference Proceedings},
volume = {1123},
year = {2009},
}
% ------------------------------------------------------------------------
@article{Allen,
	author = {{Allen, Jeff} and {Castellina, Antonella} and {Engel, Ralph} and {Kasahara, Katsuaki} and {Knurenko, Stanislav} and {Pierog, Tanguy} and {Sabourov, Artem} and {Stokes, Benjamin T.} and {Ulrich, Ralf} and {Sako, Takashi} and {Ostapchenko, Sergey}},
	title = {Air shower simulation and hadronic interactions},
	journal = {EPJ Web of Conferences},
	year = 2013,
	volume = 53,
}
% ------------------------------------------------------------------------
@article{Auger_original_1939,
  title = {Extensive Cosmic-Ray Showers},
  author = {Auger, Pierre and Ehrenfest, P. and Maze, R. and Daudin, J. and Fr\'eon, Robley A.},
  journal = {Rev. Mod. Phys.},
  volume = {11},
  year = {1939},
  publisher = {American Physical Society},
}
% ------------------------------------------------------------------------
@Article{Engel2018,
author={Engel, R., Heck, D. and others},
title="Towards A Next Generation of CORSIKA: A Framework for the Simulation of Particle Cascades in Astroparticle Physics",
journal="Computing and Software for Big Science",
year="2018",
}
% ------------------------------------------------------------------------
@article{EGS4,
author = "R. Nelson, W and Namito, Yoshihito",
title = "The EGS4 Code System: Solution of gamma-ray and electron transport problems",
year = "1990",
}
% ------------------------------------------------------------------------
@book{EGS4book,
author="A. Nahum, Theodore M. ,R. Walter ,R. Alessandro ",
title= "Monte Carlo Transport of Electrons and Photons",
publisher="Springer US",
year="1988",
edition="1",
}
% ------------------------------------------------------------------------
@article{RANMAR1,
author = {Zaman, Arif and Marsaglia, George},
year = {1990},
title = {Random selection of subsets with specified element probabilities},
volume = {19},
journal = {Communications in Statistics-theory and Methods - COMMUN STATIST-THEOR METHOD},
}
% ------------------------------------------------------------------------
@article{RANMAR2,
author = {James, F.},
year = {1980},
month = {09},
pages = {1145-1189},
title = {Monte Carlo theory and practice},
volume = {43},
journal = {Reports on Progress in Physics - REP PROGR PHYS},
}
% ------------------------------------------------------------------------
@Article{Alner1986,
author={{UA5 Collaboration} and Alner, G. J. and Ansorge, R. E. others},
title={Scaling of pseudorapidity distributions at c.m. energies up to 0.9 TeV},
journal={Zeitschrift f{\"u}r Physik C Particles and Fields},
year={1986},
volume={33},
number={1},
}
% ------------------------------------------------------------------------
@article{GDAS_Auger,
      author         = "Abreu, P. and others",
      title          = "{Description of Atmospheric Conditions at the Pierre
                        Auger Observatory using the Global Data Assimilation
                        System (GDAS)}",
      collaboration  = "Pierre Auger",
      journal        = "Astropart. Phys.",
      volume         = "35",
      year           = "2012",
      pages          = "591-607",
}
% ------------------------------------------------------------------------
@misc{GDAS_data,
title= {Global Data Assimilation System (GDAS1)},
author={NOAA},
url={ftp://arlftp.arlhq.noaa.gov/pub/archives/gdas1/},
year={2019 (Accedido Julio 8, 2019)}
}
% ------------------------------------------------------------------------
@misc{GFS,
title={Global Forecast System (GFS), Air Resources Laboratory (ARL)},
author={NOAA},
url={https://www.ncdc.noaa.gov/data-access/model-data/model-datasets/global-forcast-system-gfs},
year={2019 (Accedido Julio 8, 2019}
}
% ------------------------------------------------------------------------
@article{GAP_2011,
      author         = "Will, M. and Keilhauer, B. ",
      title          = "{Monthly Average Profiles for CORSIKA and Offline Based on Data from the Global Data Asimilation System (GDAS)}",
      collaboration  = "Karlsruher Institut für Technologie for Pierre Auger Collaborarion",
      year           = "2011",
}
% ------------------------------------------------------------------------
@article{GAP_2011NEW,
      author         = "Keilhauer, Bianca and Will, Martin",
      title          = "{Description of Atmospheric Conditions at the Pierre
                        Auger Observatory Using Meteorological Measurements and
                        Models}",
      collaboration  = "Pierre Auger",
      journal        = "Eur. Phys. J. Plus",
      year           = "2012"
}
% ------------------------------------------------------------------------
@article{Xmax,
  title = {Depth of maximum of air-shower profiles at the Pierre Auger Observatory. I. Measurements at energies above $1{0}^{17.8}\text{  }\mathrm{eV}$},
  author = {Aab, A. and Abreu, P.},
  collaboration = {Pierre Auger Collaboration},
  journal = {Phys. Rev. D},
  volume = {90},
  year = {2014},
  publisher = {American Physical Society}
}
% ------------------------------------------------------------------------
@inproceedings{Model,
  author={Christian Sarmiento-cano and M. Suarez-Dur{\'a}n and Adriana V{\'a}squez-Ram{\'i}rez and A. Jaimes-Motta and R. Calder'on-Ardila and Jes{\'u}s Pe{\~n}a-Rodr{\'i}guez},
  title={Modeling the LAGO's detectors response to secondary particles at ground level from the Antarctic to Mexico},
  journal={Proceeding of science},
  year={2019}
}
% ------------------------------------------------------------------------
@misc{MuTe,
    title={Simulated Response of MuTe, a Hybrid Muon Telescope},
    author={Adriana Vásquez-Ramírez and Mauricio Suárez-Durán and Andrei Jaimes-Motta and Rolando Calder\'on-Ardila and Jesus Peña-Rodr\'iguez and Juan S\'anchez-Villafrades and Jose Sanabria-G\'omez and Henrn\'an Asorey and Luis Núñez},
    year={2019}
}
% ------------------------------------------------------------------------
@article{Mu-Ray,
	year={2014},
	publisher ={{IOP} Publishing},
	author={F Ambrosino and A Anastasio and D Basta and others},
	title = {The {MU}-{RAY} project: detector technology and first data from Mt. Vesuvius},
	journal = {Journal of Instrumentation}
}
% ------------------------------------------------------------------------
@misc{DatosRACIMO,
    author = {RACIMO},
    title = {Datos de temperatura para la ciudad de Bucaramanga suministrados por la AMB},
    howpublished={\url{http://racimo.mpsig.com/default/reportes/detallado}}
}
% ------------------------------------------------------------------------
%%%%%% TESIS MASTER %%%%%%
%%%%%% Galactic Cosmic Rays, Pierre Auger, Neutron Monitor, ICME, Actividad Solar, Forbush Decreases
%
% Información detector de Fluorescencia Pierre Auger
@article{FD_auger,
    title = {The fluorescence detector of the Pierre Auger Observatory},
    journal = {Nuclear Instruments and Methods in Physics Research Section A: Accelerators, Spectrometers, Detectors and Associated Equipment},
    volume = {620},
    number = {2},
    pages = {227-251},
    year = {2010},
    issn = {0168-9002},
    doi = {https://doi.org/10.1016/j.nima.2010.04.023},
    author = {Abraham, J. and Abreu, P. and Aglietta, M. et al.}
}
% ------------------------------------------------------------------------
@article{dedonato_2007,
title = {Using stars to determine the absolute pointing of the fluorescence detector telescopes of the Pierre Auger Observatory},
journal = {Astroparticle Physics},
volume = {28},
number = {2},
pages = {216-231},
year = {2007},
issn = {0927-6505},
doi = {https://doi.org/10.1016/j.astropartphys.2007.05.008},
url = {https://www.sciencedirect.com/science/article/pii/S0927650507000783},
author = {De Donato, Cinzia and Prouza, Michael and Sanchez, Federico and Santander, Marcos and Camin, Daniel and Garcia, Beatriz and Grassi, Valerio and Grygar, Jiří and Hrabovský, Miroslav and Řídký, Jan and Schovánek, Petr and Trávníček, Petr},
keywords = {Atmospheric fluorescence detector, Telescope’s pointing, Long-term stability}
}
% ------------------------------------------------------------------------
@article{allekotte_2008,
   title={The surface detector system of the Pierre Auger Observatory},
   volume={586},
   ISSN={0168-9002},
   url={http://dx.doi.org/10.1016/j.nima.2007.12.016},
   DOI={10.1016/j.nima.2007.12.016},
   number={3},
   journal={Nuclear Instruments and Methods in Physics Research Section A: Accelerators, Spectrometers, Detectors and Associated Equipment},
   publisher={Elsevier BV},
   author={Allekotte, I. and Barbosa, A.F. and Bauleo, P. and Bonifazi, C. and Civit, B. and Escobar, C.O. and García, B. and Guedes, G. and Gómez Berisso, M. and Harton, J.L. and Healy, M. and Kaducak, M. and Mantsch, P. and Mazur, P.O. and Newman-Holmes, C. and Pepe, I. and Rodriguez-Cabo, I. and Salazar, H. and Smetniansky-De Grande, N. and Warner, D.},
   year={2008},
   month=mar, pages={409–420} }
% ------------------------------------------------------------------------
@article{cane2000,
    author ={Cane, Hilary V.},
    title = "{Coronal Mass Ejections and Forbush Decreases}",
    journal = "{Space Science Reviews}",
    year =  "{2000}",
    doi = {10.1023/A:1026532125747}
}
% ------------------------------------------------------------------------
@masterthesis{mauro_2015,
    author = {Suarez-Duran, M.},
    title = {Modulación de rayos cósmicos secundarios a nivel del suelo por cambios en el campo geomagnético.},
    school = {Universidad Industrial de Santander},
    year = {2015}
}
% ------------------------------------------------------------------------
@article{mishra_2008,
author = {Mishra, Rajesh K. and Agarwal, Rekha and Tiwari, Sharad},
title = "{Solar Cycle Variation of Cosmic ray Intensity along with Interplanetary and Solar Wind Plasma Parameters}",
journal = {Latvian Journal of Physics and Technical Sciences},
year = 2008,
volume = {45},
number = {3},
pages = {63-68},
doi = {10.2478/v10047-008-0013-7},
adsurl = {https://ui.adsabs.harvard.edu/abs/2008LatJP..45R..63M},
adsnote = {Provided by the SAO/NASA Astrophysics Data System}
}

%
% Cane MODULACION SOLAR Y CAMPO MAGNÉTICO 1999
@article{heliosfera,
       author = {{Jokipii}, J.~R. and {Thomas}, B.},
        title = "{Effects of drift on the transport of cosmic rays. IV - Modulation by a wavy interplanetary current sheet}",
      journal = {\apj},
     keywords = {Cosmic Rays, Current Sheets, Galactic Radiation, Interplanetary Magnetic Fields, Radiation Transport, Solar Activity Effects, Astronomical Models, Interplanetary Medium, Modulation, Pioneer 10 Space Probe, Solar Cycles, Solar Rotation, Space Radiation},
         year = 1981,
        month = feb,
       volume = {243},
        pages = {1115-1122},
          doi = {10.1086/158675},
       adsurl = {https://ui.adsabs.harvard.edu/abs/1981ApJ...243.1115J},
      adsnote = {Provided by the SAO/NASA Astrophysics Data System}
}
%
% Cane MODULACION SOLAR Y CAMPO MAGNÉTICO 1999
@article{cane_1999,
    author = {Cane, H. V. and Wibberenz, G. and Richardson, I. G. and von Rosenvinge, T. T.},
    title = {Cosmic ray modulation and the solar magnetic field},
    journal = {Geophysical Research Letters},
    volume = {26},
    number = {5},
    pages = {565-568},
    doi = {https://doi.org/10.1029/1999GL900032},
    url = {https://agupubs.onlinelibrary.wiley.com/doi/abs/10.1029/1999GL900032},
    year = {1999}
}
%
% SOLAR ACTIVITY OULU NEUTRON MONITOR
@article{Oloketuyi_2020,
    author = {Oloketuyi, Jacob and Liu, Yu and Amanambu, Amobichukwu and Mingyu, Zhao},
    year = {2020},
    month = {02},
    pages = {1-10},
    title = {Responses and Periodic Variations of Cosmic Ray Intensity and Solar Wind Speed to Sunspot Numbers},
    volume = {2020},
    journal = {Advances in Astronomy},
    doi = {10.1155/2020/3527570}
}
%
% PhD Tesis Jimmy Masias
@phdthesis{jimmy_2017,
    author = {Macías-Mesa, J.},
    title = {Transporte de rayos cósmicos en la heliosfera y en el entorno terrestre},
    school = {Universidad de Buenos Aires},
    year = {2017}
}
%
% Relación y medidas entre Ejecciones de Masa Coronal y Forbush Decreases
@inbook{masiasICRC, 
title={Solar Cycle Modulation of Cosmic Rays Observed with the Low Energy Modes of the Pierre Auger Observatory}, 
url={http://repozitorij.ung.si/IzpisGradiva.php?lang=eng&id=2144},
booktitle={The 34th International Cosmic Ray Conference}, author={Masías-Meza, J. and Filipčič, A. and Kukec Mezek, G. and et al.},
year={2015}
}
%
% GAP DE XAVIER BERTOU
@article{GAP_2005,
      author         = "Bertou, X.",
      title          = "{Current status of the scalers: Towards the detection of GRBs with Auger?}",
      collaboration  = "Bariloche Atomic Center for Pierre Auger Collaboration",
      year           = "2005",
      note          = "GAP Note 2005-053"
}
%
%%%%% BX BERTOU - CALIBRACION SD PIERRE AUGER
@article{bertou_2006,
   title={Calibration of the surface array of the Pierre Auger Observatory},
   volume={568},
   ISSN={0168-9002},
   url={http://dx.doi.org/10.1016/j.nima.2006.07.066},
   DOI={10.1016/j.nima.2006.07.066},
   number={2},
   journal={Nuclear Instruments and Methods in Physics Research Section A: Accelerators, Spectrometers, Detectors and Associated Equipment},
   publisher={Elsevier BV},
   author={Bertou, X. and Allison, P.S. and Bonifazi, C. and Bauleo, P. and Grunfeld, C.M. and Aglietta, M. and Arneodo, F. and Barnhill, D. and Beatty, J.J. and Busca, N.G. and Creusot, A. and Dornic, D. and Etchegoyen, A. and Filevitch, A. and Ghia, P.L. and Lhenry-Yvon, I. and Medina, M.C. and Moreno, E. and Nitz, D. and Ohnuki, T. and Ranchon, S. and Salazar, H. and Suomijärvi, T. and Supanitsky, D. and Tripathi, A. and Urban, M. and Villasenor, L.},
   year={2006},
   month=dec, pages={839–846} }
%
%%%%%% X BERTOU - GRBs y el modo SCALER
@article{bertou_2007,
  title={Search for Gamma Ray Bursts using the single particle technique at the Pierre Auger Observatory},
  author={Xavier Bertou},
  journal={Proceedings of the 30th International Cosmic Ray Conference},
  year={2007},
  url={https://api.semanticscholar.org/CorpusID:17336345}
}
%
% Relación y medidas entre Ejecciones de Masa Coronal y Forbush Decreases
@article{martin_ICRC,
    author = "Schimassek, Martin",
    collaboration = "Pierre Auger",
    title = "{Analysis of Data from the Low-Energy Modes of the Surface Detector of the Pierre Auger Observatory}",
    doi = "10.22323/1.358.1147",
    journal = "PoS",
    volume = "ICRC2019",
    pages = "1147",
    year = "2020"
}
%
% Rayos cósmicos a lo largo de 30 años
@article{perez2012,
    author = {Perez-Peraza, Jorge and Velasco Herrera, Victor Manuel and Ya, Igor and Libin, and Yudakhin, K},
    year = {2012},
    month = {12},
    title = {Thirty-Year Periodicity of Cosmic Rays},
    volume = {11},
    journal = {Advances in Astronomy},
    doi = {https://doi.org/10.1155/2012/691408}
}
%
% NEUTRON MONITOR GENERAL INFORMATION
@article{Ruffolo_2016,
    doi = {10.3847/0004-637X/817/1/38},
    url = {https://dx.doi.org/10.3847/0004-637X/817/1/38},
    year = {2016},
    month = {1},
    publisher = {The American Astronomical Society},
    volume = {817},
    number = {1},
    pages = {38},
    author = {D. Ruffolo and A. Sáiz and P.-S. Mangeard and N. Kamyan and P. Muangha and T. Nutaro and S. Sumran and C. Chaiwattana and N. Gasiprong and C. Channok and C. Wuttiya and M. Rujiwarodom and P. Tooprakai and B. Asavapibhop and J. W. Bieber and J. Clem and P. Evenson and K. Munakata},
    title = {MONITORING SHORT-TERM COSMIC-RAY SPECTRAL VARIATIONS USING NEUTRON MONITOR TIME-DELAY MEASUREMENTS},
    journal = {The Astrophysical Journal}
}
%
% DETECTORES DE NEUTRONES INFORMACIÓN GENERAL
@article{Usoskin_2005,
    author = {Usoskin, Ilya G. and Alanko-Huotari, Katja and Kovaltsov, Gennady A. and Mursula, Kalevi},
    title = {Heliospheric modulation of cosmic rays: Monthly reconstruction for 1951–2004},
    journal = {Journal of Geophysical Research: Space Physics},
    keywords = {cosmic rays, heliosphere, solar activity},
    doi = {https://doi.org/10.1029/2005JA011250},
    url = {https://agupubs.onlinelibrary.wiley.com/doi/abs/10.1029/2005JA011250},
    eprint = {https://agupubs.onlinelibrary.wiley.com/doi/pdf/10.1029/2005JA011250},
    year = {2005}
}
%
% DETECTORES DE NEUTRONES INFORMACIÓN GENERAL
@article{eleana_2017,
    author = {Asvestari, Eleanna and Gil, Agnieszka and Kovaltsov, Gennady A. and Usoskin, Ilya G.},
    title = {Neutron Monitors and Cosmogenic Isotopes as Cosmic Ray Energy-Integration Detectors: Effective Yield Functions, Effective Energy, and Its Dependence on the Local Interstellar Spectrum},
    journal = {Journal of Geophysical Research: Space Physics},
    volume = {122},
    number = {10},
    pages = {9790-9802},
    doi = {https://doi.org/10.1002/2017JA024469},
    url = {https://agupubs.onlinelibrary.wiley.com/doi/abs/10.1002/2017JA024469},
    eprint = {https://agupubs.onlinelibrary.wiley.com/doi/pdf/10.1002/2017JA024469},
    year = {2017}
}
%%%%%%%%%%%%%%%%%%%%%%%%%%%%%%%%%%%%
%%%%%%%%%%%%%%%%%%%%%%%%%%%%%%%%%%%%
%%%%%%%%%%%%%%%%%%%%%%%%%%%%%%%%%%%%  LIBROSSSSSSS 
@book{leonty_2015,
    author = {Leonty Miroshnichenko},
    title = {Solar Cosmic Rays: Fundamentals and Applications},
    publisher = {Springer Cham},
    doi = {https://doi.org/10.1007/978-3-319-09429-8},
    year = {2015}
}
@book{Rozelot_2006,
    author = {Jean-Pierre Rozelot},
    title = {Solar and Heliospheric Origins of Space Weather Phenomena},
    publisher = {Springer Berlin, Heidelberg},
    doi = {https://doi.org/10.1007/b11429173},
    year = {2006}
}
@book{Riggi_2023,
    author = {Francesco Riggi},
    title = {Messengers from the Cosmos: An Introduction to the Physics of Cosmic Rays in Its Historical Evolution},
    publisher = {Springer Cham},
    doi = {https://doi.org/10.1007/978-3-031-24762-0},
    year = {2023}
}
%
%% Solar Particle Radiation Storms Forecasting and Analysis -  Olga E. Malandraki, Norma B. Crosby
@book{OlgaMalandraki_2018,
    author = {Olga E. Malandraki and Norma B. Crosby},
    title = {Solar Particle Radiation Storms Forecasting and Analysis},
    publisher = {Springer Cham},
    doi = {https://doi.org/10.1007/978-3-319-60051-2},
    year = {2018}
}
%
%% Solar Physics -  Peter Sturrock, 
@book{Sturrock_1986,
    author = {Peter A. Sturrock, Thomas E. Holzer},
    title = {Physics of the Sun. Volume I: The Solar Interior},
    publisher = {Springer Dordrecht},
    doi = {https://doi.org/10.1007/978-94-009-5253-9},
    year = {1986}
}
%
%% Introduction to Astronomy and Astrophysics, Hanslmeier, Arnold
@book{Hanslmeier_2023,
author="Hanslmeier, Arnold",
title="The Sun",
bookTitle="Introduction to Astronomy and Astrophysics",
year="2023",
publisher="Springer Berlin Heidelberg",
address="Berlin, Heidelberg",
abstract="Our Sun is the only star whose surface we can study in detail due to its proximity. Through space missions are also in situ measurements possible.",
doi="10.1007/978-3-662-64637-3_7"
}
%
%% The Structure and Evolution of the Sun, Severino
@book{Severino_2017,
author="Giuseppe Severino",
title="The Structure and Evolution of the Sun",
bookTitle="Introduction to Astronomy and Astrophysics",
year="2023",
publisher="Springer Cham",
doi="https://doi.org/10.1007/978-3-319-64961-0"
}
%
%% Heliophysics: Plasma Physics of the Local Cosmos - Schrijver
@book{schrijver_2009,
author="Carolus J. Schrijver and George L. Siscoe",
place={Cambridge}, 
title={Heliophysics: Plasma Physics of the Local Cosmos}, 
DOI={10.1017/CBO9781107340657}, 
publisher={Cambridge University Press}, 
year={2009}}

%%%%%%%%%%%%%%%%%%%%%%%%%%%%%%%%%%%%
%%%%%%%%%%%%%%%%%%%%%%%%%%%%%%%%%%%%
%
% DETECTORES DE NEUTRONES INFORMACIÓN GENERAL
@article{Potgieter_2013,
    author = {Potgieter, Marius S.},
    title = {Solar Modulation of Cosmic Rays},
    journal = {Living Reviews in Solar Physics},
    doi = {https://doi.org/10.12942/lrsp-2013-3},
    year = {2013}
}
@inproceedings{Cristofari_2023,
       author = {{Cristofari}, Pierre},
        title = "{The transition from Galactic to extragalactic cosmic rays: The high-energy end of the Galactic spectrum}",
    booktitle = {European Physical Journal Web of Conferences},
         year = 2023,
       series = {European Physical Journal Web of Conferences},
       volume = {283},
        month = oct,
          eid = {04002},
        pages = {04002},
          doi = {10.1051/epjconf/202328304002},
       adsurl = {https://ui.adsabs.harvard.edu/abs/2023EPJWC.28304002C},
      adsnote = {Provided by the SAO/NASA Astrophysics Data System}
}
%
% FORBUSH OBSERVACIÓN DE DECRECIMIENTOS
@article{forbush_1954,
    author = {Forbush, Scott E.},
    title = {World-wide cosmic ray variations, 1937–1952},
    journal = {Journal of Geophysical Research (1896-1977)},
    doi = {https://doi.org/10.1029/JZ059i004p00525},
    url = {https://agupubs.onlinelibrary.wiley.com/doi/abs/10.1029/JZ059i004p00525},
    year = {1954}
}
% IMCE y el Viento Solar alteraciones.
@article{Krittinatham_2009,
doi = {10.1088/0004-637X/704/1/831},
url = {https://dx.doi.org/10.1088/0004-637X/704/1/831},
year = {2009},
month = {9},
publisher = {The American Astronomical Society},
volume = {704},
number = {1},
pages = {831},
author = {W. Krittinatham and D. Ruffolo},
title = {DRIFT ORBITS OF ENERGETIC PARTICLES IN AN INTERPLANETARY MAGNETIC FLUX ROPE},
journal = {The Astrophysical Journal}
}
%
%%%%%%%%%%%%_________ FERMII
@article{fermi_1940,
  title = {The Ionization Loss of Energy in Gases and in Condensed Materials},
  author = {Fermi, Enrico},
  journal = {Phys. Rev.},
  volume = {57},
  issue = {6},
  pages = {485--493},
  numpages = {0},
  year = {1940},
  month = {Mar},
  publisher = {American Physical Society},
  doi = {10.1103/PhysRev.57.485},
  url = {https://link.aps.org/doi/10.1103/PhysRev.57.485}
}
%
%%%%%% CHERENKOV WAVEFRONT
@article{deNaurois:2015oda,
    author = "de Naurois, Mathieu and Mazin, Daniel",
    title = "{Ground-based detectors in very-high-energy gamma-ray astronomy}",
    eprint = "1511.00463",
    archivePrefix = "arXiv",
    primaryClass = "astro-ph.IM",
    doi = "10.1016/j.crhy.2015.08.011",
    journal = "Comptes Rendus Physique",
    volume = "16",
    pages = "610--627",
    year = "2015"
}
%
%%%%%%% MARTIN DOC THESIS
@phdthesis{Martin_Schimassek2022,
    author       = {Schimassek, Martin},
    year         = {2022},
    title        = {Extending the Physics Reach of the Pierre Auger Observatory using Low-Level Trigger Data},
    doi          = {10.5445/IR/1000149933},
    publisher    = {{Karlsruher Institut für Technologie (KIT)}},
    note         = {51.13.03; LK 01},
    pagetotal    = {194},
    school       = {Karlsruher Institut für Technologie (KIT)},
    language     = {english}
}
%
%%%%%%% MARTIN DOC THESIS
@phdthesis{masias_2017,
    author       = {Masías-Mesa, Jimmy},
    year         = {2017},
    title        = {Transporte de rayos cósmicos en la heliosfera y en el entorno terrestre},
    publisher    = {{Universidad de Buenos Aires. Facultad de Ciencias Exactas y Naturales.}},
    note         = {consultado:  17/11/2023},
    school       = {Universidad de Buenos Aires.}
}
%
%%%%%% Xavier Bertou Scaler Background Analysis
@article{bertou_2011,
title = {Background radiation measurement with water Cherenkov detectors},
journal = {Nuclear Instruments and Methods in Physics Research Section A: Accelerators, Spectrometers, Detectors and Associated Equipment},
volume = {639},
number = {1},
pages = {73-76},
year = {2011},
note = {Proceedings of the Seventh International Workshop on Ring Imaging Cherenkov Detectors},
issn = {0168-9002},
doi = {https://doi.org/10.1016/j.nima.2010.09.041},
author = {X. Bertou}
}
%
%%%%%%%%%% RIGIDEZ DE CORTE GEOMAGNÉTICO
@inproceedings{herbst_2013influence,
  title={Influence of the terrestrial magnetic field geometry on the cutoff rigidity of cosmic ray particles},
  author={Herbst, K and Kopp, A and Heber, B},
  booktitle={Annales Geophysicae},
  volume={31},
  number={10},
  pages={1637--1643},
  year={2013},
  organization={Copernicus Publications G{\"o}ttingen, Germany}
}
%%
%%%%%%%% Shiyk, BELOV Y ABUNINA 
@article{belov_2021,
title = {Influence of Interacting Solar Wind Disturbances on the Variations in Galactic Cosmic Rays},
journal = {Geomagnetism and Aeronomy},
volume = {61},
pages = {792-800},
year = {2021},
doi = {https://doi.org/10.1134/S0016793221060128},
author = {Shlyk, N.S. and Belov, A.V. and Abunina, M.A. and et al}
}
%
%%%%% HISTORICAL REVIEW COSMIC RAYS
@article{kampert_2012,
title = {Extensive air showers and ultra high-energy cosmic rays: a historical review},
journal = {The European Physical Journal H},
volume = {37},
year = {2012},
doi = {https://doi.org/10.1140/epjh/e2012-30013-x},
author = {Kampert, Karl-Heinz and Watson, Alan A.}
}
%%%%
%%%%%%%%% SILSO DATOS MANCHAS SOLARES
@ARTICLE{sidc,
    author = {{SILSO World Data Center}},
    address = {Royal Observatory of Belgium, avenue Circulaire 3, 1180 Brussels, Belgium},
    title = "{The International Sunspot Number}",
    journal = {International Sunspot Number Monthly Bulletin and online catalogue},
    adsurl = {http://www.sidc.be/silso/,}
}
%%
%%%%%%% RIGIDEZ DE CORTE GEOMAGNÉTICO Y UBICACIÓN GEOGRÁFICA
@article{Mendonça_2019,
author = {Mendonça, R. R. S. and Wang, C. and Braga, C. R. and Echer, E. and Dal Lago, A. and Costa, J. E. R. and Munakata, K. and Li, H. and Liu, Z. and Raulin, J.-P. and Kuwabara, T. and Kozai, M. and Kato, C. and Rockenbach, M. and Schuch, N. J. and Al Jassar, H. K. and Sharma, M. M. and Tokumaru, M. and Duldig, M. L. and Humble, J. E. and Evenson, P. and Sabbah, I.},
title = {Analysis of Cosmic Rays' Atmospheric Effects and Their Relationships to Cutoff Rigidity and Zenith Angle Using Global Muon Detector Network Data},
journal = {Journal of Geophysical Research: Space Physics},
volume = {124},
number = {12},
pages = {9791-9813},
doi = {https://doi.org/10.1029/2019JA026651},
url = {https://agupubs.onlinelibrary.wiley.com/doi/abs/10.1029/2019JA026651},
year = {2019}
}
%
%Davies, E., Scolini, C., Winslow, R., and Jordan, A.: The effect of magnetic reconnection on ICME-related GCR modulation, EGU General Assembly 2023, Vienna, Austria, 24–28 Apr 2023, EGU23-15621, https://doi.org/10.5194/egusphere-egu23-15621, 2023.
@article{Davies_2023,
author = {Davies, E. and Scolini, C. and Winslow, R. and Jordan, A.},
title = {The effect of magnetic reconnection on ICME-related GCR modulation},
booktitle = {EGU General Assembly Conference Abstracts},
         year = 2023,
       series = {EGU General Assembly Conference Abstracts},
        month = {may},
        pages = {EGU-15621},
          doi = {10.5194/egusphere-egu23-15621},
       adsurl = {https://ui.adsabs.harvard.edu/abs/2023EGUGA..2515621D},
      adsnote = {Provided by the SAO/NASA Astrophysics Data System}
}
%
%%%%%% GRB
Title: Low Threshold Particle Arrays
Authors: Bernlöhr, K.
Journal: Space Science Reviews, Volume 75, Issue 1-2, pp. 185-197
Bibliographic Code: 1996SSRv...75..185B
@article{Bernlöhr_1996,
title = {Low Threshold Particle Arrays},
journal = {Space Science Reviews},
volume = {75},
year = {1996},
author = {Bernlöhr, K.},
url = {https://articles.adsabs.harvard.edu/cgi-bin/nph-iarticle_query?1996SSRv...75..185B&defaultprint=YES&page_ind=0&filetype=.pdf}
}
%
%%%%%% HADRONIC INTERACTIONS ON THE PIERRE AUGER
@article{andrada_2021,
    author = "Andrada, Bel\'en",
    collaboration = "Pierre Auger",
    title = "{Probing hadronic interactions with measurements from the Pierre Auger Observatory}",
    eprint = "2110.13960",
    archivePrefix = "arXiv",
    primaryClass = "astro-ph.HE",
    doi = "10.21468/SciPostPhysProc.10.005",
    journal = "SciPost Phys. Proc.",
    volume = "10",
    pages = "005",
    year = "2022"
}
%
%%%% DIRECT MEASUREMENTS
@article{tomassetti_2023,
    author = "Tomassetti, Nicola",
    title = "{Direct Measurements of Galactic Cosmic Rays}",
    eprint = "2301.10255",
    archivePrefix = "arXiv",
    primaryClass = "astro-ph.HE",
    doi = "10.22323/1.423.0007",
    journal = "PoS",
    volume = "ECRS",
    pages = "007",
    year = "2023"
}
%
@Inbook{engel_2021,
author="Engel, Ralph
and Schmidt, David",
editor="Fleck, Ivor
and Titov, Maxim
and Grupen, Claus
and Buvat, Ir{\`e}ne",
title="Indirect Detection of Cosmic Rays",
bookTitle="Handbook of Particle Detection and Imaging",
year="2021",
publisher="Springer International Publishing",
address="Cham",
pages="801--849",
doi="10.1007/978-3-319-93785-4_24",
url="https://doi.org/10.1007/978-3-319-93785-4_24"
}
%
%%%% Heliosfera
@book{Balogh_2008,
  title = {The Heliosphere through the Solar Activity Cycle},
  author = {André Balogh and Louis J. Lanzerotti and Steven T. Suess},
  year = {2008},
  publisher = {Springer},
  url = {https://link.springer.com/book/10.1007/978-3-540-74302-6}
}
%
%%%%%%% NMDB
@misc{NMDB,
  title = {Neutron Monitor Database (NMDB)},
  year = {2023},
  url = {http://www.nmdb.eu},
  note = {Fecha de acceso: 30, 11, 2023}
}
%
%%%%% FORBUSH CATALOGUE COMPARISON OKIKE
@ARTICLE{okike_2021,
  author={Okike, O and Alhassan, J A and Iyida, E U and Chukwude, A E},
  journal={Monthly Notices of the Royal Astronomical Society}, 
  title={A comparison of catalogues of Forbush decreases identified from individual and a network of neutron monitors: a critical perspective}, 
  year={2021},
  volume={503},
  number={4},
  pages={5675-5691},
  doi={10.1093/mnras/stab680}}
%
%%%%% FORBUSH ANALYSIS ALGORITHM
@article{okike_2020,
title = {Forbush decreases: Algorithm generated dataset},
journal = {Data in Brief},
volume = {33},
pages = {106463},
year = {2020},
issn = {2352-3409},
doi = {https://doi.org/10.1016/j.dib.2020.106463},
url = {https://www.sciencedirect.com/science/article/pii/S2352340920313457},
author = {O. Okike},
keywords = {Forbush decreases, Fourier transform, Algorithm, Cosmic ray anisotropy, Simultaneity, Forbush event identification}
}
%
%%%%%% TIME SERIES ANALISIS 
@ARTICLE{wang_2019,
  author={Wang, Xi and Wang, Chen},
  journal={IEEE Access}, 
  title={Time Series Data Cleaning: A Survey}, 
  year={2020},
  volume={8},
  number={},
  pages={1866-1881},
  doi={10.1109/ACCESS.2019.2962152}}
%
%%%%% NOELIA 2023
@article{noelia_2023,
title = {First measurements of periodicities and anisotropies of cosmic ray flux observed with a water-Cherenkov detector at the Marambio Antarctic base},
journal = {Advances in Space Research},
volume = {71},
number = {6},
pages = {2967-2976},
year = {2023},
issn = {0273-1177},
doi = {https://doi.org/10.1016/j.asr.2022.11.041},
url = {https://www.sciencedirect.com/science/article/pii/S0273117722010730},
author = {Noelia Ayelén Santos and Sergio Dasso and Adriana María Gulisano and Omar Areso and Matías Pereira and Hernán Asorey and Lucas Rubinstein}
}
%
%%%%% METODO BLACKMAN NOELIA
@article{blackman,
author = {Blackman, R. B. and Tukey, J. W.},
title = {The Measurement of Power Spectra from the Point of View of Communications Engineering — Part I},
journal = {Bell System Technical Journal},
volume = {37},
number = {1},
pages = {185-282},
doi = {https://doi.org/10.1002/j.1538-7305.1958.tb03874.x},
url = {https://onlinelibrary.wiley.com/doi/abs/10.1002/j.1538-7305.1958.tb03874.x},
year = {1958}
}
%%
%%%%% EFICIENCIA BLACKMAN-TUKEY
@article{edge_1970,
author = {Edge, Billy L. and Liu, Paul C.},
title = {Comparing Power Spectra Computed by Blackman-Tukey and Fast Fourier Transform},
journal = {Water Resources Research},
volume = {6},
number = {6},
pages = {1601-1610},
doi = {https://doi.org/10.1029/WR006i006p01601},
url = {https://agupubs.onlinelibrary.wiley.com/doi/abs/10.1029/WR006i006p01601},
year = {1970}
}
%
%%%% SEÑALES Y PDS
@mastersthesis{HerreraSepulveda_2017,
  title={Procesamiento multirazón de señales para spectrum sensing},
  author={L.V. Herrera-Sepúlveda},
  year={2017},
  school={Instituto Nacional de Astrofísica, Óptica y Electrónica}
}
%
%%%%% SPACE WEATHER PHYSICS
@Article{singh_2021,
AUTHOR = {Singh, Ashok Kumar and Bhargawa, Asheesh and Siingh, Devendraa and Singh, Ram Pal},
TITLE = {Physics of Space Weather Phenomena: A Review},
JOURNAL = {Geosciences},
VOLUME = {11},
YEAR = {2021},
NUMBER = {7},
ARTICLE-NUMBER = {286},
URL = {https://www.mdpi.com/2076-3263/11/7/286},
DOI = {10.3390/geosciences11070286}
}
%
%%%%%%% ARTICULO SPACE WEATHER SCHRIJVER
@article{Schrijver_2015,
author = {Schrijver, Carolus J.},
title = {Socio-Economic Hazards and Impacts of Space Weather: The Important Range Between Mild and Extreme},
journal = {Space Weather},
volume = {13},
number = {9},
pages = {524-528},
keywords = {space weather},
doi = {https://doi.org/10.1002/2015SW001252},
url = {https://agupubs.onlinelibrary.wiley.com/doi/abs/10.1002/2015SW001252},
year = {2015}
}
%%
%%%%%% ORIGEN DEL SPACE WEATHER
@article{cade_2015,
author = {Cade III, William B. and Chan-Park, Christina},
title = {The Origin of “Space Weather”},
journal = {Space Weather},
volume = {13},
number = {2},
pages = {99-103},
keywords = {space weather, history},
doi = {https://doi.org/10.1002/2014SW001141},
url = {https://agupubs.onlinelibrary.wiley.com/doi/abs/10.1002/2014SW001141},
year = {2015}
}
%
%%%% EVENTO SOLAR CARRINGTON
@article{hayakawa_2019,
author = {Hayakawa, Hisashi and Ebihara, Yusuke and Willis, David M. and Toriumi, Shin and Iju, Tomoya and Hattori, Kentaro and Wild, Matthew N. and Oliveira, Denny M. and Ermolli, Ilaria and Ribeiro, José R. and Correia, Ana P. and Ribeiro, Ana I. and Knipp, Delores J.},
title = {Temporal and Spatial Evolutions of a Large Sunspot Group and Great Auroral Storms Around the Carrington Event in 1859},
journal = {Space Weather},
volume = {17},
number = {11},
pages = {1553-1569},
keywords = {sunspot, aurora, magnetic storm, Carrington event, extreme space weather event, solar-terrestrial relationship},
doi = {https://doi.org/10.1029/2019SW002269},
url = {https://agupubs.onlinelibrary.wiley.com/doi/abs/10.1029/2019SW002269},
year = {2019}
}
%
%%%%% GAISER COSMIC RAYS
@book{gaisser_2016,
place={Cambridge}, 
edition={2}, 
title={Cosmic Rays and Particle Physics}, 
DOI={10.1017/CBO9781139192194}, 
publisher={Cambridge University Press}, 
author={Gaisser, Thomas K. and Engel, Ralph and Resconi, Elisa}, 
year={2016}
}
%
%%%%% LAKHINA2007 HUMBOLDT HISTORY
@Inbook{Lakhina_2007,
author="Lakhina, G.S.
and Tsurutani, B.T.
and Gonzalez, W.D.
and Alex, S.",
editor="Gubbins, David
and Herrero-Bervera, Emilio",
title="Humboldt, Alexander Von And Magnetic Storms",
bookTitle="Encyclopedia of Geomagnetism and Paleomagnetism",
year="2007",
publisher="Springer Netherlands",
address="Dordrecht",
pages="404--406",
isbn="978-1-4020-4423-6",
doi="10.1007/978-1-4020-4423-6_141",
url="https://doi.org/10.1007/978-1-4020-4423-6_141"
}
%%%
%%%%%%% LASTEST STUDY CORRELATION CRI SOLAR ACTIVITY
@article{Veselinovic2021,
  title={Correlation analysis of solar energetic particles and secondary cosmic ray flux},
  author={Veselinović, Nikola and Savić, Mihailo and Dragić, Aleksandar and Maletić, Dimitrije and Banjanac, Radomir and Joković, Dejan and Knežević, David and Udovičić, Vladimir},
  journal={The European Physical Journal D},
  volume={75},
  number={173},
  year={2021},
  publisher={Springer},
  url={^1^}
}
%
%%%% NOHELIA
@article{noelia_2023,
title = {First measurements of periodicities and anisotropies of cosmic ray flux observed with a water-Cherenkov detector at the Marambio Antarctic base},
journal = {Advances in Space Research},
volume = {71},
number = {6},
pages = {2967-2976},
year = {2023},
issn = {0273-1177},
doi = {https://doi.org/10.1016/j.asr.2022.11.041},
url = {https://www.sciencedirect.com/science/article/pii/S0273117722010730},
author = {Noelia Ayelén Santos and Sergio Dasso and Adriana María Gulisano and Omar Areso and Matías Pereira and Hernán Asorey and Lucas Rubinstein}
}
%
%%%% SAMARA RUSOS
@article{Samara2018,
  title={Unusual Cosmic Ray Variations During the Forbush Decreases of June 2015},
  author={Samara, E. and Smponias, A. and Lytrosyngounis, I. and Lingri, D. and Mavromichalaki, H. and Sgouropoulos, C.},
  journal={Solar Physics},
  volume={293},
  number={67},
  year={2018},
  publisher={Springer}
}
%%
%%%%% DASSO SCALER MODE
@article{DASSO20121563,
title = {The scaler mode in the Pierre Auger Observatory to study heliospheric modulation of cosmic rays},
journal = {Advances in Space Research},
volume = {49},
number = {11},
pages = {1563-1569},
year = {2012},
note = {Advances in theory and observation of solar system dynamics - I},
issn = {0273-1177},
doi = {https://doi.org/10.1016/j.asr.2011.12.028},
url = {https://www.sciencedirect.com/science/article/pii/S0273117711008684},
author = {S. Dasso and H. Asorey and  {For The Pierre Auger Collaboration}},
keywords = {Cosmic rays, Cherenkov detectors, Particle detectors, Interplanetary coronal mass ejections}
}
%
%%%% ROBERTA COLALILLO
@INPROCEEDINGS{roberta_2018,
       author = {{Colalillo}, Roberta},
        title = "{Elves, Forbush Decreases and Solar Activity Studies at the Pierre Auger Observatory}",
    booktitle = {Ultra-High Energy Cosmic Rays (UHECR2016)},
         year = 2018,
        month = jan,
          eid = {011024},
        pages = {011024},
          doi = {10.7566/JPSCP.19.011024},
       adsurl = {https://ui.adsabs.harvard.edu/abs/2018uhec.confa1024C},
      adsnote = {Provided by the SAO/NASA Astrophysics Data System}
}
%
%%%%%% PERIODIC GCR MODULATIONS
@book{grieder_2001,
  title={Cosmic Rays at Earth},
  author={Grieder, P.K.F.},
  year={2001},
  publisher={Elsevier Science}
}
%
%%%% BELOV 2009
@inproceedings{belov_2009,
  title={Forbush effects and their connection with solar, interplanetary and geomagnetic phenomena},
  author={Belov, A. V.},
  booktitle={Proceedings of the International Astronomical Union},
  volume={4},
  number={S257},
  pages={439--450},
  year={2009},
  organization={Cambridge University Press}
}
%
%%%% WANG - FORBUSH WITH AMS SPATIAL SENSOR
@article{wang_2023,
doi = {10.3847/1538-4357/acca1b},
url = {https://dx.doi.org/10.3847/1538-4357/acca1b},
year = {2023},
month = {jun},
publisher = {The American Astronomical Society},
volume = {950},
number = {1},
pages = {23},
author = {Siqi Wang and Veronica Bindi and Cristina Consolandi and Claudio Corti and Christopher Light and Nikolay Nikonov and Andrew Kuhlman},
title = {Properties of Forbush Decreases with AMS-02 Daily Proton Flux Data},
journal = {The Astrophysical Journal}
}
%
%%%% SING SEMIDIURNAL AND OTHER PERIODICITIES
@article{singh_2015,
author = {Singh, Y. and Badruddin,},
year = {2015},
month = {10},
pages = {},
title = {Short-Term Variations of Cosmic-Ray Intensity During the Recent Deep Solar Minimum and the Previous Four Solar Minima: A Wavelet Analysis},
volume = {290},
journal = {Solar Physics},
doi = {10.1007/s11207-015-0762-4}
}
%
%%%%%% SEMIDIURNAL ORIGINAL
@article{nicolson_1948,
doi = {10.1088/0959-5309/60/6/302},
url = {https://dx.doi.org/10.1088/0959-5309/60/6/302},
year = {1948},
month = {jun},
publisher = {},
volume = {60},
number = {6},
pages = {509},
author = {Phyllis Nicolson and  V Sarabhai},
title = {The Semi-Diurnal Variation in Cosmic Ray Intensity},
journal = {Proceedings of the Physical Society}
}
%% SHALABY DIURNAL VARIATIONS
%%%
@article{shalaby_2022,
title = {The amplitude and phase distributions of cosmic ray variation at different conditions of Forbush decrease},
journal = {Results in Physics},
volume = {43},
pages = {106076},
year = {2022},
issn = {2211-3797},
doi = {https://doi.org/10.1016/j.rinp.2022.106076},
url = {https://www.sciencedirect.com/science/article/pii/S2211379722006908},
author = {S.El. Shalaby and H.A. Motaweh and M.Y. Hanfi and M.I. Sayyed and A.A. Darwish and A.Sh.M. Elshoukrofy},
keywords = {Forbush decrease, Solar diurnal variations, Geomagnetic cutoff rigidity, Neutron monitor}
}
%
%%% SARABHAI DAILY VARIATIONS
@article{sarabhai_1953,
  title={Meteorological and extra-terrestrial causes of the daily variation of cosmic ray intensity},
  author={Sarabhai, V and Desai, UD and Kane, RP},
  journal={Proc. Indian Acad. Sci.},
  volume={37},
  pages={287--303},
  year={1953},
  url={https://doi.org/10.1007/BF03052712}
}
%
%%%%%%% SAMARA AMPLITUDES FD JUNIO
@article{samara_2018,
author = {Samara, Eirini and Smponias, A. and Lytrosyngounis, Ioannis and Lingri, D. and Mavromichalaki, H. and Sgouropoulos, C.},
year = {2018},
month = {04},
pages = {},
title = {Unusual Cosmic Ray Variations During the Forbush Decreases of June 2015},
volume = {293},
journal = {Solar Physics},
doi = {10.1007/s11207-018-1290-9}
}
%
%%%% MAGNETOSFERA IMAGEN
@phdthesis{tenerani_2012,
author = {Tenerani, Anna},
year = {2012},
month = {10},
pages = {},
title = {DYNAMICS OF ION-SCALE COHERENT MAGNETIC STRUCTURES AND COUPLING WITH WHISTLER WAVES DURING SUBSTORMS.}
}
%
%%%%% NO RECURRENT FD
@article{papaioannou_2020,
author = {Papaioannou, Athanasios and Belov, Anatoly and Abunina, Maria and Eroshenko, Eugenia and Abunin, Artem and Anastasiadis, Anastasios and Patsourakos, Spiros and Mavromichalaki, H.},
year = {2020},
month = {02},
pages = {101},
title = {Interplanetary Coronal Mass Ejections as the Driver of Non-recurrent Forbush Decreases},
volume = {890},
journal = {The Astrophysical Journal},
doi = {10.3847/1538-4357/ab6bd1}
}
%
%%%%% RECURRENT FD
@article{kallaya_2021,
  title={Characteristics of recurrent Forbush decreases in Galactic cosmic ray intensity during positive and negative solar magnetic polarities},
  author={Kallaya, O. and Yeeram, T.},
  year={2021},
  journal={Astrophysics and Space Science},
  volume={366},
  number={7},
  pages={61},
  doi={10.1007/s10509-021-03970-2},
  url={https://doi.org/10.1007/s10509-021-03970-2},
  publisher={Springer},
  issn={1572-946X}
}
%%%%% DEFINITION OF FORBUSH
%%%%%%%%%%%%%%%%%%%%%%%%%%%%%%
@ARTICLE{lingri_2016,
       author = {{Lingri}, D. and {Mavromichalaki}, H. and {Belov}, A. and {Eroshenko}, E. and {Yanke}, V. and {Abunin}, A. and {Abunina}, M.},
        title = "{Solar Activity Parameters and Associated Forbush Decreases During the Minimum Between Cycles 23 and 24 and the Ascending Phase of Cycle 24}",
      journal = {\solphys},
     keywords = {Solar activity, Forbush decreases, Cut-off rigidity, Neutron monitors},
         year = 2016,
        month = mar,
       volume = {291},
       number = {3},
        pages = {1025-1041},
          doi = {10.1007/s11207-016-0863-8},
       adsurl = {https://ui.adsabs.harvard.edu/abs/2016SoPh..291.1025L},
      adsnote = {Provided by the SAO/NASA Astrophysics Data System}
}
%% BELOV 2009 FORBUSH DEFINITIONSSS
%%%%%%%%%%%%%%%%%%%%%%%
@INPROCEEDINGS{belov_2009,
       author = {{Belov}, A.~V.},
        title = "{Forbush effects and their connection with solar, interplanetary and geomagnetic phenomena}",
     keywords = {elementary particles, Sun: activity, interplanetary medium, solar-terrestrial relations, coronal mass ejections (CMEs), shock waves},
    booktitle = {Universal Heliophysical Processes},
         year = 2009,
       editor = {{Gopalswamy}, N. and {Webb}, D.~F.},
       volume = {257},
        month = mar,
        pages = {439-450},
          doi = {10.1017/S1743921309029676},
       adsurl = {https://ui.adsabs.harvard.edu/abs/2009IAUS..257..439B},
      adsnote = {Provided by the SAO/NASA Astrophysics Data System}
}
%
%%%%%%%% FORBUSH 21 JUNE 2015
@article{gopalswamy_2018,
   title={Sun-to-earth propagation of the 2015 June 21 coronal mass ejection revealed by optical, EUV, and radio observations},
   volume={179},
   ISSN={1364-6826},
   url={http://dx.doi.org/10.1016/j.jastp.2018.07.013},
   DOI={10.1016/j.jastp.2018.07.013},
   journal={Journal of Atmospheric and Solar-Terrestrial Physics},
   publisher={Elsevier BV},
   author={Gopalswamy, N. and Mӓkelӓ, P. and Akiyama, S. and Yashiro, S. and Xie, H. and Thakur, N.},
   year={2018},
   month=nov, pages={225–238} }








