@article{AugerGENERAL_2015,
    author = {Aab, Alexander et al.},
    collaboration = {Pierre Auger},
    title = {El Observatorio de Rayos Cósmicos Pierre Auger},
    eprint = {1502.01323},
    archivePrefix = {arXiv},
    primaryClass = {astro-ph.IM},
    reportNumber = {FERMILAB-PUB-15-034-AD-AE-CD-TD},
    doi = {10.1016/j.nima.2015.06.058},
    journal = {Nucl. Instrum. Meth. A},
    volume = {798},
    pages = {172--213},
    year = {2015}
}

%
%%%% Auger EXTRAGALACTIC CONFIRMATION

@article{augerextra,
  title={Searches for Large-Scale Anisotropy in the Arrival Directions of Cosmic Rays Detected above Energy of 10^{19} eV at the Pierre Auger Observatory and the Telescope Array},
  author={Aab, A},
  year={2014},
  journal={Astrophys. J.}
}
% ------------------------------------------------------------------------
@book{spurio_2015,
  title={Particles and Astrophysics, A multi-messenger approach},
  author={Spurio, M.},
  year={2015},
  publisher={Suiza, Springer}
}
% ------------------------------------------------------------------------
@book{PDG,
  title={Review of Particle Physics},
  author={Patrignani, C.},
  year={2016},
  publisher={Chin. Phys.}
}
% ------------------------------------------------------------------------
@phdthesis{asorey_2012,
  title={Los Detectores Cherenkov del Observatorio Pierre Auger y su Aplicación al Estudio de Fondos de Radiación},
  author={Asorey, H},
  year={2012},
  school={Instituto Balseiro, Universidad Nacional de Cuyo, Comisión Nacional de Enrgía Atómica}
}
% ------------------------------------------------------------------------
@book{Griffiths,
  title={Introduction to elementary particles; 2nd rev. version},
  author={Griffiths, D.J.},
  year={2008},
  publisher={Wiley}
}
% ------------------------------------------------------------------------
@book{gaisser1990,
  title={Cosmic Rays and Particle Physics},
  author={Gaisser, T.K.},
  year={1990},
  publisher={Cambridge University Press}
}
% ------------------------------------------------------------------------
@techreport{Heck1998,
  title={CORSIKA : A Monte Carlo Code to Simulate Extensive Air Showers},
  author={Heck, D. and Knapp, J. and Capdevielle, J.N.},
  year={1998},
  institution={Forschungszentrum Karlsruhe GmbH},
  number={"FZKA 6019"},
  pages={"1--98"}
}
% ------------------------------------------------------------------------
@book{heitler,
  title={Quantum theory of radiation},
  author={Heitler, W.},
  year={1954},
  edition={3rd ed.},
  publisher={International Series of Monographs on Physics, Oxford}
}
% ------------------------------------------------------------------------
@inproceedings{AsoreyLAGO,
  title={LAGO: the Latin American Giant Observatory},
  author={Asorey, H and Dasso, S},
  year={2015},
  booktitle={The 34th International Cosmic Ray Conference},
  volume={PoS(ICRC2015)},
  pages={247}
}
% ------------------------------------------------------------------------
@misc{compton,
title="Efecto compton y efecto compton inverso",
publisher="Harvard-Smithsonian Center for Astrophysics",
howpublished="\url{http://chandra.harvard.edu/xray_astro/xrays.html}",
note="Accedido: 2018-07-16"
}
% ------------------------------------------------------------------------
@misc{kit,
title="Simulación del Institut für Kernphysik, Forschungszentrum Karlsruhe",
author="Oehlschläger, J. and Engel, R.",
url={https://web.ikp.kit.edu/corsika/movies/Movies.htm},
year={2018}
} 
%
------------------------------------------------------------------------
@inproceedings{lagoSW,
title={Preliminary Results From the Latin American Giant Observatory Space Weather Simulation Chain},
author={Asorey, Hernán and Núñez, Luis and Suárez-Durán, Mauricio},
journal={Space Weather},
year={2018}
}
% ------------------------------------------------------------------------
@misc{mauro:tesis,
  author       = {Suárez-Durán, M.}, 
  title        = {Instalación de un detector Chérenkov de agua para la detección de trazas de rayos cósmicos a 956 metros sobre el nivel del mar.},
  year         = 2011,
  note         = {Tesis de pregrado, Escuela de Física, Universidad Industrial de Santander, Colombia}
}
% ------------------------------------------------------------------------
@book{handbook:chem,
title="CRC Handbook of chemistry and Physics",
author=" Weast, R.C. Selby, S. M. and  Hodgman, C. D.",
year="1986",
publisher="The Chemical Rubber Co"
}
% ------------------------------------------------------------------------
@misc{andrei,
title="Estimación de la respuesta de un detector Chérenkov de agua al fondo de rayos cósmicos en Bucaramanga (956 M S.N.M).",
author="Jaimes-Motta, A.",
year="2018",
note= {Tesis de pregrado, Escuela de Física, Universidad Industrial de Santander, Colombia}
}
% ------------------------------------------------------------------------
@inproceedings{GDASpaper,
title="Global Atmospheric Models for Cosmic Ray Detectors",
author="Will, Martin for the Pierre Auger Collaboration",
booktitle="Atmohead Workshop",
year="2013",
}
% ------------------------------------------------------------------------
@article{GDAS,
title="The Global Land Data Assimilation System",
author="Rodell, M. and Houser P. R. and Jambor U. and Gottschalck J. and Mitchell K. and Meng C.-J. and Arsenault K. and Cosgrove B. and Radakovich J. and Bosilovich M. and Entin J. K. and Walker J. P. and Lohmann D. and Toll D.",
journal="Bulletin of the American Meteorological Society",
volume="85",
number="3",
pages="381-394",
year="2004"
}
% ------------------------------------------------------------------------
@article{lagoSWchain,
title = "Preliminary results from the latin american giant observatory space weather simulation chain. Space Weather",
author="Asorey, H., Núñez, L.A. y Suárez-Durán, M.",
journal="Space Weather",
volume="16",
number="5",
pages="461-475",
year="2018"
}
% ------------------------------------------------------------------------
@article{GEANT4,
author="Agostinelli, S. et al.",
title="GEANT4: A Simulation toolkit",
journal="Nucl. Instrum. Meth.",
volume="A506",
pages="250 - 303",
year="2003"
}
% ------------------------------------------------------------------------
@book{Meteo1,
   title =     {Essentials of Meteorology: An Invitation to the Atmosphere},
   author =    {Ahrens, C. Donald},
   publisher = {Brooks Cole},
   year =      {2011},
   edition =   {6},
}
% ------------------------------------------------------------------------
@misc{NOAA,
title="Average temperature profile for the lower layers of the atmosphere",
author="JetStream, National Weather Service",
howpublished="\url{https://www.weather.gov/jetstream/layers}",
note="Accedido: 2019-07-8"
}
% ------------------------------------------------------------------------
@misc{NOAA2,
title="Where is space?",
author="NESDIS NewsArticles, Satellite and Information Service, NOAA",
howpublished="\url{https://www.nesdis.noaa.gov/content/where-space}",
note="Accedido: 2019-07-8"
}
% ------------------------------------------------------------------------
------------------------------------------------------------------------
@article{Alania,
author = {Alania,Marco  and Araya,Ignacio J.  and Gómez,Adolfo V. Chamorro  and Huerta,Humberto Martínez  and Flores,Alejandra Parra  and Knapp,Johannes },
title = {Air Shower Simulations},
journal = {AIP Conference Proceedings},
volume = {1123},
year = {2009},
}
% ------------------------------------------------------------------------
@article{Allen,
  title={Air shower simulation and hadronic interactions},
  author={Allen, Jeff and Castellina, Antonella and Engel, Ralph},
  year={2013},
  journal={EPJ Web of Conferences},
  volume={53}
}
% ------------------------------------------------------------------------
@article{Auger_original_1939,
  title = {Extensive Cosmic-Ray Showers},
  author = {Auger, Pierre and Ehrenfest, P. and Maze, R. and Daudin, J. and Fr\'eon, Robley A.},
  journal = {Rev. Mod. Phys.},
  volume = {11},
  year = {1939},
  publisher = {American Physical Society},
}
% ------------------------------------------------------------------------
@Article{Engel2018,
author={Engel, R., Heck, D. and others},
title="Towards A Next Generation of CORSIKA: A Framework for the Simulation of Particle Cascades in Astroparticle Physics",
journal="Computing and Software for Big Science",
year="2018",
}
% ------------------------------------------------------------------------
@article{EGS4,
author = "R. Nelson, W and Namito, Yoshihito",
title = "The EGS4 Code System: Solution of gamma-ray and electron transport problems",
year = "1990",
}
% ------------------------------------------------------------------------
@book{EGS4book,
author="A. Nahum, Theodore M. ,R. Walter ,R. Alessandro ",
title= "Monte Carlo Transport of Electrons and Photons",
publisher="Springer US",
year="1988",
edition="1",
}
% ------------------------------------------------------------------------
@article{RANMAR1,
author = {Zaman, Arif and Marsaglia, George},
year = {1990},
title = {Random selection of subsets with specified element probabilities},
volume = {19},
journal = {Communications in Statistics-theory and Methods - COMMUN STATIST-THEOR METHOD},
}
% ------------------------------------------------------------------------
@article{RANMAR2,
author = {James, F.},
year = {1980},
month = {09},
pages = {1145-1189},
title = {Monte Carlo theory and practice},
volume = {43},
journal = {Reports on Progress in Physics - REP PROGR PHYS},
}
% ------------------------------------------------------------------------
@article{Alner1986,
  title={Scaling of pseudorapidity distributions at c.m. energies up to 0.9 TeV},
  author={UA5 Collaboration and Alner, G. J. and Ansorge, R. E.},
  year={1986},
  journal={Zeitschrift für Physik C Particles and Fields},
  volume={33},
  number={1}
}
% ------------------------------------------------------------------------
@article{GDAS_Auger,
  title={Description of Atmospheric Conditions at the Pierre Auger Observatory using the Global Data Assimilation System (GDAS)},
  author={Abreu, P.},
  year={2012},
  journal={Astropart. Phys.},
  volume={35},
  pages={591-607}
}
% ------------------------------------------------------------------------
@misc{GDAS_data,
  title={Global Data Assimilation System (GDAS1)},
  author={NOAA},
  year={2019}
}
% ------------------------------------------------------------------------
@misc{GFS,
  title={Global Forecast System (GFS), Air Resources Laboratory (ARL)},
  author={NOAA},
  year={2019}
}
% ------------------------------------------------------------------------
@article{GAP_2011,
  title={Monthly Average Profiles for CORSIKA and Offline Based on Data from the Global Data Asimilation System (GDAS)},
  author={Will, M. and Keilhauer, B.},
  year={2011}
}
% ------------------------------------------------------------------------
@article{GAP_2011NEW,
  title={Description of Atmospheric Conditions at the Pierre Auger Observatory Using Meteorological Measurements and Models},
  author={Keilhauer, Bianca and Will, Martin},
  year={2012},
  journal={Eur. Phys. J. Plus}
}
% ------------------------------------------------------------------------
@article{Xmax,
  title={Depth of maximum of air-shower profiles at the Pierre Auger Observatory. I. Measurements at energies above 10^{17.8} eV},
  author={Aab, A. and Abreu, P.},
  year={2014},
  journal={Phys. Rev. D},
  volume={90}
}
% ------------------------------------------------------------------------
@inproceedings{Model,
  author={Sarmiento-cano, Christian and Suarez-Durán, M. and Vásquez-Ramírez, Adriana and Jaimes-Motta, A. and Calderón-Ardila, R. and Peña-Rodríguez, Jesús},
  title={Modeling the LAGO's detectors response to secondary particles at ground level from the Antarctic to Mexico},
  journal={Proceeding of science},
  year={2019}
}
% ------------------------------------------------------------------------
@misc{MuTe,
    title={Simulated Response of MuTe, a Hybrid Muon Telescope},
    author={Adriana Vásquez-Ramírez and Mauricio Suárez-Durán and Andrei Jaimes-Motta and Rolando Calder\'on-Ardila and Jesus Peña-Rodr\'iguez and Juan S\'anchez-Villafrades and Jose Sanabria-G\'omez and Henrn\'an Asorey and Luis Núñez},
    year={2019}
}
% ------------------------------------------------------------------------
@article{Mu-Ray,
	year={2014},
	publisher ={{IOP} Publishing},
	author={F Ambrosino and A Anastasio and D Basta and others},
	title = {The {MU}-{RAY} project: detector technology and first data from Mt. Vesuvius},
	journal = {Journal of Instrumentation}
}
% ------------------------------------------------------------------------
@misc{DatosRACIMO,
    author = {RACIMO},
    title = {Datos de temperatura para la ciudad de Bucaramanga suministrados por la AMB},
    howpublished={\url{http://racimo.mpsig.com/default/reportes/detallado}}
}
% ------------------------------------------------------------------------
%%%%%% TESIS MASTER %%%%%%
%%%%%% Galactic Cosmic Rays, Pierre Auger, Neutron Monitor, ICME, Actividad Solar, Forbush Decreases
%
% Información detector de Fluorescencia Pierre Auger
@article{FD_auger,
  title={The fluorescence detector of the Pierre Auger Observatory},
  author={Abraham, J. and Abreu, P. and Aglietta, M.},
  year={2010},
  journal={Nuclear Instruments and Methods in Physics Research Section A: Accelerators, Spectrometers, Detectors and Associated Equipment},
  volume={620},
  number={2},
  pages={227-251},
  doi={https://doi.org/10.1016/j.nima.2010.04.023}
}
% ------------------------------------------------------------------------
@article{dedonato_2007,
  title={Using stars to determine the absolute pointing of the fluorescence detector telescopes of the Pierre Auger Observatory},
  author={De Donato, Cinzia and Prouza, Michael and Sanchez, Federico},
  year={2007},
  journal={Astroparticle Physics},
  volume={28},
  number={2},
  pages={216-231},
  doi={https://doi.org/10.1016/j.astropartphys.2007.05.008},
  url={https://www.sciencedirect.com/science/article/pii/S0927650507000783}
}
% ------------------------------------------------------------------------
@article{allekotte_2008,
  title={The surface detector system of the Pierre Auger Observatory},
  author={Allekotte, I. and Barbosa, A.F. and Bauleo, P.},
  year={2008},
  journal={Nuclear Instruments and Methods in Physics Research Section A: Accelerators, Spectrometers, Detectors and Associated Equipment},
  volume={586},
  number={3},
  pages={409–420},
  doi={10.1016/j.nima.2007.12.016}
}
% ------------------------------------------------------------------------
@article{cane2000,
  title={Coronal Mass Ejections and Forbush Decreases},
  author={Cane, Hilary V.},
  year={2000},
  journal={Space Science Reviews},
  doi={10.1023/A:1026532125747}
}
% ------------------------------------------------------------------------
@masterthesis{mauro_2015,
  title={Modulación de rayos cósmicos secundarios a nivel del suelo por cambios en el campo geomagnético.},
  author={Suarez-Duran, M.},
  year={2015},
  school={Universidad Industrial de Santander}
}
% ------------------------------------------------------------------------
@article{mishra_2008,
  title={Solar Cycle Variation of Cosmic ray Intensity along with Interplanetary and Solar Wind Plasma Parameters},
  author={Mishra, Rajesh K. and Agarwal, Rekha and Tiwari, Sharad},
  year={2008},
  journal={Latvian Journal of Physics and Technical Sciences},
  volume={45},
  number={3},
  pages={63-68},
  doi={10.2478/v10047-008-0013-7}
}

%
% Cane MODULACION SOLAR Y CAMPO MAGNÉTICO 1999
@article{heliosfera,
  title={Effects of drift on the transport of cosmic rays. IV - Modulation by a wavy interplanetary current sheet},
  author={Jokipii, J.R. and Thomas, B.},
  year={1981},
  journal={The Astrophysical Journal},
  volume={243},
  pages={1115-1122},
  doi={10.1086/158675}
}
%
% Cane MODULACION SOLAR Y CAMPO MAGNÉTICO 1999
@article{cane_1999,
  title={Cosmic ray modulation and the solar magnetic field},
  author={Cane, H. V. and Wibberenz, G. and Richardson, I. G.},
  year={1999},
  journal={Geophysical Research Letters},
  volume={26},
  number={5},
  pages={565-568},
  doi={https://doi.org/10.1029/1999GL900032}
}
%
% SOLAR ACTIVITY OULU NEUTRON MONITOR
@article{Oloketuyi_2020,
  title={Responses and Periodic Variations of Cosmic Ray Intensity and Solar Wind Speed to Sunspot Numbers},
  author={Oloketuyi, Jacob and Liu, Yu and Amanambu, Amobichukwu},
  year={2020},
  journal={Advances in Astronomy},
  doi={10.1155/2020/3527570}
}
%
%
% Relación y medidas entre Ejecciones de Masa Coronal y Forbush Decreases
@inbook{masiasICRC,
  title={Solar Cycle Modulation of Cosmic Rays Observed with the Low Energy Modes of the Pierre Auger Observatory},
  author={Masías-Meza, J. and Filipčič, A. and Kukec Mezek, G.},
  year={2015},
  booktitle={The 34th International Cosmic Ray Conference}
}
%
% GAP DE XAVIER BERTOU
@article{GAP_2005,
  title={Current status of the scalers: Towards the detection of GRBs with Auger?},
  author={Bertou, X},
  year={2005}
}
%
%%%%% BX BERTOU - CALIBRACION SD PIERRE AUGER
@article{bertou_2006,
  title={Calibration of the surface array of the Pierre Auger Observatory},
  author={Bertou, X and Allison, P.S. and Bonifazi, C.},
  year={2006},
  journal={Nuclear Instruments and Methods in Physics Research Section A: Accelerators, Spectrometers, Detectors and Associated Equipment},
  volume={568},
  number={2},
  pages={839–846},
  doi={10.1016/j.nima.2006.07.066}
}
%
%%%%%% X BERTOU - GRBs y el modo SCALER
@article{bertou_2007,
  title={Search for Gamma Ray Bursts using the single particle technique at the Pierre Auger Observatory},
  author={Bertou, X},
  year={2007},
  journal={Proceedings of the 30th International Cosmic Ray Conference}
}
%
% Relación y medidas entre Ejecciones de Masa Coronal y Forbush Decreases
@article{martin_ICRC,
  title={Analysis of Data from the Low-Energy Modes of the Surface Detector of the Pierre Auger Observatory},
  author={Schimassek, Martin},
  year={2020},
  journal={PoS},
  volume={ICRC2019},
  pages={1147},
  doi={10.22323/1.358.1147}
}
%
% Rayos cósmicos a lo largo de 30 años
@article{perez2012,
  title={Thirty-Year Periodicity of Cosmic Rays},
  author={Perez-Peraza, Jorge and Velasco Herrera, Victor Manuel and Ya, Igor},
  year={2012},
  journal={Advances in Astronomy},
  doi={https://doi.org/10.1155/2012/691408}
}

%
% NEUTRON MONITOR GENERAL INFORMATION
@article{Ruffolo_2016,
  title={Monitoring short-term cosmic-ray spectral variations using neutron monitor time-delay measurements},
  author={Ruffolo, D. and Sáiz, A. and Mangeard, P.-S.},
  year={2016},
  journal={The Astrophysical Journal},
  volume={817},
  number={1},
  pages={38},
  doi={10.3847/0004-637X/817/1/38}
}

%
% DETECTORES DE NEUTRONES INFORMACIÓN GENERAL
@article{Usoskin_2005,
  title={Heliospheric modulation of cosmic rays: Monthly reconstruction for 1951–2004},
  author={Usoskin, Ilya G. and Alanko-Huotari, Katja and Kovaltsov, Gennady A.},
  year={2005},
  journal={Journal of Geophysical Research: Space Physics},
  doi={https://doi.org/10.1029/2005JA011250},
  url={https://agupubs.onlinelibrary.wiley.com/doi/abs/10.1029/2005JA011250}
}
%
% DETECTORES DE NEUTRONES INFORMACIÓN GENERAL
@article{eleana_2017,
  title={Neutron Monitors and Cosmogenic Isotopes as Cosmic Ray Energy-Integration Detectors: Effective Yield Functions, Effective Energy, and Its Dependence on the Local Interstellar Spectrum},
  author={Asvestari, Eleanna and Gil, Agnieszka and Kovaltsov, Gennady A.},
  year={2017},
  journal={Journal of Geophysical Research: Space Physics},
  doi={https://doi.org/10.1002/2017JA024469},
  url={https://agupubs.onlinelibrary.wiley.com/doi/abs/10.1002/2017JA024469}
}
%%%%%%%%%%%%%%%%%%%%%%%%%%%%%%%%%%%%
%%%%%%%%%%%%%%%%%%%%%%%%%%%%%%%%%%%%
%%%%%%%%%%%%%%%%%%%%%%%%%%%%%%%%%%%%  LIBROSSSSSSS 
@book{leonty_2015,
  title={Solar Cosmic Rays: Fundamentals and Applications},
  author={Miroshnichenko, Leonty},
  year={2015},
  publisher={Springer Cham},
  doi={https://doi.org/10.1007/978-3-319-09429-8}
}
%
%%%
@book{Rozelot_2006,
  title={Solar and Heliospheric Origins of Space Weather Phenomena},
  author={Rozelot, Jean-Pierre},
  year={2006},
  publisher={Springer Berlin, Heidelberg},
  doi={https://doi.org/10.1007/b11429173}
}
%
%%%
@book{Riggi_2023,
  title={Messengers from the Cosmos: An Introduction to the Physics of Cosmic Rays in Its Historical Evolution},
  author={Riggi, Francesco},
  year={2023},
  publisher={Springer Cham},
  doi={https://doi.org/10.1007/978-3-031-24762-0}
}
%
%% Solar Particle Radiation Storms Forecasting and Analysis -  Olga E. Malandraki, Norma B. Crosby
@book{OlgaMalandraki_2018,
  title={Solar Particle Radiation Storms Forecasting and Analysis},
  author={Malandraki, Olga E. and Crosby, Norma B.},
  year={2018},
  publisher={Springer Cham},
  doi={https://doi.org/10.1007/978-3-319-60051-2}
}
%
%% Solar Physics -  Peter Sturrock, 
@book{Sturrock_1986,
  title={Physics of the Sun. Volume I: The Solar Interior},
  author={Sturrock, Peter A. and Holzer, Thomas E.},
  year={1986},
  publisher={Springer Dordrecht},
  doi={https://doi.org/10.1007/978-94-009-5253-9}
}
%
%% Introduction to Astronomy and Astrophysics, Hanslmeier, Arnold
@book{Hanslmeier_2023,
  title={The Sun},
  author={Hanslmeier, Arnold},
  year={2023},
  bookTitle={Introduction to Astronomy and Astrophysics},
  doi={10.1007/978-3-662-64637-3_7}
}
%
%% The Structure and Evolution of the Sun, Severino
@book{Severino_2017,
  title={The Structure and Evolution of the Sun},
  author={Severino, Giuseppe},
  year={2023},
  publisher={Springer Cham},
  doi={https://doi.org/10.1007/978-3-319-64961-0}
}
%
%% Heliophysics: Plasma Physics of the Local Cosmos - Schrijver
@book{schrijver_2009,
  title={Heliophysics: Plasma Physics of the Local Cosmos},
  author={Schrijver, Carolus J. and Siscoe, George L.},
  year={2009},
  publisher={Cambridge University Press},
  doi={10.1017/CBO9781107340657}
}
%%%%%%%%%%%%%%%%%%%%%%%%%%%%%%%%%%%%
%%%%%%%%%%%%%%%%%%%%%%%%%%%%%%%%%%%%
%
% DETECTORES DE NEUTRONES INFORMACIÓN GENERAL
@article{Potgieter_2013,
  title={Solar Modulation of Cosmic Rays},
  author={Potgieter, Marius S.},
  year={2013},
  journal={Living Reviews in Solar Physics},
  doi={https://doi.org/10.12942/lrsp-2013-3}
}
%
@inproceedings{Cristofari_2023,
  title={The transition from Galactic to extragalactic cosmic rays: The high-energy end of the Galactic spectrum},
  author={Cristofari, Pierre},
  year={2023},
  booktitle={European Physical Journal Web of Conferences},
  volume={283},
  pages={04002},
  doi={10.1051/epjconf/202328304002}
}
%
% FORBUSH OBSERVACIÓN DE DECRECIMIENTOS
@article{forbush_1954,
  title={World-wide cosmic ray variations, 1937–1952},
  author={Forbush, Scott E.},
  year={1954},
  journal={Journal of Geophysical Research (1896-1977)},
  doi={https://doi.org/10.1029/JZ059i004p00525},
  url={https://agupubs.onlinelibrary.wiley.com/doi/abs/10.1029/JZ059i004p00525}
}
% IMCE y el Viento Solar alteraciones.
@article{Krittinatham_2009,
  title={Drift orbits of energetic particles in an interplanetary magnetic flux rope},
  author={Krittinatham, W. and Ruffolo, D.},
  year={2009},
  journal={The Astrophysical Journal},
  volume={704},
  number={1},
  pages={831},
  doi={10.1088/0004-637X/704/1/831}
}
%
%%%%%%%%%%%%_________ FERMII
@article{fermi_1940,
  title={The Ionization Loss of Energy in Gases and in Condensed Materials},
  author={Fermi, Enrico},
  year={1940},
  journal={Phys. Rev.},
  volume={57},
  issue={6},
  pages={485--493},
  doi={10.1103/PhysRev.57.485},
  url={https://link.aps.org/doi/10.1103/PhysRev.57.485}
}
%
%%%%%% CHERENKOV WAVEFRONT
@article{deNaurois:2015oda,
  title={Ground-based detectors in very-high-energy gamma-ray astronomy},
  author={de Naurois, Mathieu and Mazin, Daniel},
  year={2015},
  journal={Comptes Rendus Physique},
  volume={16},
  pages={610--627},
  doi={10.1016/j.crhy.2015.08.011}
}
%
%%%%%%% MARTIN DOC THESIS
@phdthesis{Martin_Schimassek2022,
  title={Extending the Physics Reach of the Pierre Auger Observatory using Low-Level Trigger Data},
  author={Schimassek, Martin},
  year={2022},
  school={Karlsruher Institut für Technologie (KIT)},
  doi={10.5445/IR/1000149933}
}
%
%%%%%%% YIMMI DOC THESIS
@phdthesis{masias_2017,
  title={Transporte de rayos cósmicos en la heliosfera y en el entorno terrestre},
  author={Masías-Mesa, Jimmy},
  year={2017},
  school={Universidad de Buenos Aires.}
}
%
%%%%%% Xavier Bertou Scaler Background Analysis
@article{bertou_2011,
  title={Background radiation measurement with water Cherenkov detectors},
  author={Bertou, X},
  year={2011},
  journal={Nuclear Instruments and Methods in Physics Research Section A: Accelerators, Spectrometers, Detectors and Associated Equipment},
  volume={639},
  number={1},
  pages={73-76},
  doi={https://doi.org/10.1016/j.nima.2010.09.041}
}
%
%%%%%%%%%% RIGIDEZ DE CORTE GEOMAGNÉTICO
@inproceedings{herbst_2013influence,
  title={Influence of the terrestrial magnetic field geometry on the cutoff rigidity of cosmic ray particles},
  author={Herbst, K and Kopp, A and Heber, B},
  year={2013},
  booktitle={Annales Geophysicae},
  volume={31},
  number={10},
  pages={1637--1643}
}
%%
%%%%%%%% Shiyk, BELOV Y ABUNINA 
@article{belov_2021,
  title={Influence of Interacting Solar Wind Disturbances on the Variations in Galactic Cosmic Rays},
  author={Shlyk, N.S. and Belov, A.V. and Abunina, M.A.},
  year={2021},
  journal={Geomagnetism and Aeronomy},
  volume={61},
  pages={792-800},
  doi={https://doi.org/10.1134/S0016793221060128}
}
%
%%%%% HISTORICAL REVIEW COSMIC RAYS
@article{kampert_2012,
  title={Extensive air showers and ultra high-energy cosmic rays: a historical review},
  author={Kampert, Karl-Heinz and Watson, Alan A.},
  year={2012},
  journal={The European Physical Journal H},
  volume={37},
  doi={https://doi.org/10.1140/epjh/e2012-30013-x}
}
%%%%
%%%%%%%%% SILSO DATOS MANCHAS SOLARES
@article{sidc,
  title={The International Sunspot Number},
  author={{SILSO World Data Center}},
  year={2023},
  url={http://www.sidc.be/silso/}
}
%%
%%%%%%% RIGIDEZ DE CORTE GEOMAGNÉTICO Y UBICACIÓN GEOGRÁFICA
@article{Mendonça_2019,
  title={Analysis of Cosmic Rays' Atmospheric Effects and Their Relationships to Cutoff Rigidity and Zenith Angle Using Global Muon Detector Network Data},
  author={Mendonça, R. R. S. and Wang, C. and Braga, C. R.},
  year={2019},
  journal={Journal of Geophysical Research: Space Physics},
  volume={124},
  number={12},
  pages={9791-9813},
  doi={https://doi.org/10.1029/2019JA026651},
  url={https://agupubs.onlinelibrary.wiley.com/doi/abs/10.1029/2019JA026651}
}
%
%Davies, E., Scolini, C., Winslow, R., and Jordan, A.: The effect of magnetic reconnection on ICME-related GCR modulation, EGU General Assembly 2023, Vienna, Austria, 24–28 Apr 2023, EGU23-15621, https://doi.org/10.5194/egusphere-egu23-15621, 2023.
@article{Davies_2023,
  title={The effect of magnetic reconnection on ICME-related GCR modulation},
  author={Davies, E. and Scolini, C. and Winslow, R.},
  year={2023},
  journal={EGU General Assembly Conference Abstracts},
  volume={EGU},
  pages={EGU-15621},
  doi={10.5194/egusphere-egu23-15621},
  url={https://ui.adsabs.harvard.edu/abs/2023EGUGA..2515621D}
}
%
%%%%%% GRB
@article{Bernlöhr_1996,
  title={Low Threshold Particle Arrays},
  author={Bernlöhr, K.},
  year={1996},
  journal={Space Science Reviews},
  volume={75},
  url={https://articles.adsabs.harvard.edu/cgi-bin/nph-iarticle_query?1996SSRv...75..185B&defaultprint=YES&page_ind=0&filetype=.pdf}
}
%
%%%%%% HADRONIC INTERACTIONS ON THE PIERRE AUGER
@article{andrada_2021,
  title={Probing hadronic interactions with measurements from the Pierre Auger Observatory},
  author={Andrada, Belén},
  year={2022},
  journal={SciPost Phys. Proc.},
  volume={10},
  pages={005},
  doi={10.21468/SciPostPhysProc.10.005}
}
%
%%%% DIRECT MEASUREMENTS
@article{tomassetti_2023,
  title={Direct Measurements of Galactic Cosmic Rays},
  author={Tomassetti, Nicola},
  year={2023},
  journal={PoS},
  volume={ECRS},
  pages={007},
  doi={10.22323/1.423.0007}
}
%
@inbook{engel_2021,
  title={Indirect Detection of Cosmic Rays},
  author={Engel, Ralph and Schmidt, David},
  year={2021},
  booktitle={Handbook of Particle Detection and Imaging},
  pages={801--849},
  doi={10.1007/978-3-319-93785-4_24},
  url={https://doi.org/10.1007/978-3-319-93785-4_24}
}
%
%%%% Heliosfera
@book{Balogh_2008,
  title={The Heliosphere through the Solar Activity Cycle},
  author={Balogh, André and Lanzerotti, Louis J. and Suess, Steven T.},
  year={2008},
  publisher={Springer},
  url={https://link.springer.com/book/10.1007/978-3-540-74302-6}
}
%
%%%%%%% NMDB
@misc{NMDB,
  title={Neutron Monitor Database (NMDB)},
  year={2023},
  url={http://www.nmdb.eu},
  note={Fecha de acceso: 30, 11, 2023}
}
%
%%%%% FORBUSH CATALOGUE COMPARISON OKIKE
@article{okike_2021,
  title={A comparison of catalogues of Forbush decreases identified from individual and a network of neutron monitors: a critical perspective},
  author={Okike, O and Alhassan, J A and Iyida, E U},
  year={2021},
  journal={Monthly Notices of the Royal Astronomical Society},
  volume={503},
  number={4},
  pages={5675-5691},
  doi={10.1093/mnras/stab680}
}
%
%%%%% FORBUSH ANALYSIS ALGORITHM
@article{okike_2020,
  title={Forbush decreases: Algorithm generated dataset},
  author={Okike, O},
  year={2020},
  journal={Data in Brief},
  volume={33},
  pages={106463},
  doi={https://doi.org/10.1016/j.dib.2020.106463},
  url={https://www.sciencedirect.com/science/article/pii/S2352340920313457}
}
%
%%%%%% TIME SERIES ANALISIS 
@article{wang_2019,
  title={Time Series Data Cleaning: A Survey},
  author={Wang, Xi and Wang, Chen},
  year={2020},
  journal={IEEE Access},
  volume={8},
  pages={1866-1881},
  doi={10.1109/ACCESS.2019.2962152}
}
%
%%%%% NOELIA 2023
@article{noelia_2023,
  title={First measurements of periodicities and anisotropies of cosmic ray flux observed with a water-Cherenkov detector at the Marambio Antarctic base},
  author={Santos, Noelia Ayelén and Dasso, Sergio and Gulisano, Adriana María},
  year={2023},
  journal={Advances in Space Research},
  volume={71},
  number={6},
  pages={2967-2976},
  doi={https://doi.org/10.1016/j.asr.2022.11.041},
  url={https://www.sciencedirect.com/science/article/pii/S0273117722010730}
}
%
%%%%% METODO BLACKMAN NOELIA
@article{blackman,
  title={The Measurement of Power Spectra from the Point of View of Communications Engineering — Part I},
  author={Blackman, R. B. and Tukey, J. W.},
  year={1958},
  journal={Bell System Technical Journal},
  volume={37},
  number={1},
  pages={185-282},
  doi={https://doi.org/10.1002/j.1538-7305.1958.tb03874.x},
  url={https://onlinelibrary.wiley.com/doi/abs/10.1002/j.1538-7305.1958.tb03874.x}
}
%%
%%%%% EFICIENCIA BLACKMAN-TUKEY
@article{edge_1970,
  title={Comparing Power Spectra Computed by Blackman-Tukey and Fast Fourier Transform},
  author={Edge, Billy L. and Liu, Paul C.},
  year={1970},
  journal={Water Resources Research},
  volume={6},
  number={6},
  pages={1601-1610},
  doi={https://doi.org/10.1029/WR006i006p01601},
  url={https://agupubs.onlinelibrary.wiley.com/doi/abs/10.1029/WR006i006p01601}
}
%
%%%% SEÑALES Y PDS
@mastersthesis{HerreraSepulveda_2017,
  title={Procesamiento multirazón de señales para spectrum sensing},
  author={Herrera-Sepúlveda, L.V.},
  year={2017},
  school={Instituto Nacional de Astrofísica, Óptica y Electrónica}
}
%
%%%%% SPACE WEATHER PHYSICS
@article{singh_2021,
  title={Physics of Space Weather Phenomena: A Review},
  author={Singh, Ashok Kumar and Bhargawa, Asheesh and Siingh, Devendraa},
  year={2021},
  journal={Geosciences},
  volume={11},
  number={7},
  doi={10.3390/geosciences11070286},
  url={https://www.mdpi.com/2076-3263/11/7/286}
}

%
%%%%%%% ARTICULO SPACE WEATHER SCHRIJVER
@article{Schrijver_2015,
  title={Socio-Economic Hazards and Impacts of Space Weather: The Important Range Between Mild and Extreme},
  author={Schrijver, Carolus J.},
  year={2015},
  journal={Space Weather},
  volume={13},
  number={9},
  pages={524-528},
  doi={https://doi.org/10.1002/2015SW001252},
  url={https://agupubs.onlinelibrary.wiley.com/doi/abs/10.1002/2015SW001252}
}
%%
%%%%%% ORIGEN DEL SPACE WEATHER
@article{cade_2015,
  title={The Origin of “Space Weather”},
  author={Cade III, William B. and Chan-Park, Christina},
  year={2015},
  journal={Space Weather},
  volume={13},
  number={2},
  pages={99-103},
  doi={https://doi.org/10.1002/2014SW001141},
  url={https://agupubs.onlinelibrary.wiley.com/doi/abs/10.1002/2014SW001141}
}
%
%%%% EVENTO SOLAR CARRINGTON
@article{hayakawa_2019,
  title={Temporal and Spatial Evolutions of a Large Sunspot Group and Great Auroral Storms Around the Carrington Event in 1859},
  author={Hayakawa, Hisashi and Ebihara, Yusuke and Willis, David M.},
  year={2019},
  journal={Space Weather},
  volume={17},
  number={11},
  pages={1553-1569},
  doi={https://doi.org/10.1029/2019SW002269},
  url={https://agupubs.onlinelibrary.wiley.com/doi/abs/10.1029/2019SW002269}
}
%
%%%%% GAISER COSMIC RAYS
@book{gaisser_2016,
  title={Cosmic Rays and Particle Physics},
  author={Gaisser, Thomas K. and Engel, Ralph and Resconi, Elisa},
  year={2016},
  publisher={Cambridge University Press},
  doi={10.1017/CBO9781139192194}
}
%
%%%%% LAKHINA2007 HUMBOLDT HISTORY
@inbook{Lakhina_2007,
  title={Humboldt, Alexander Von And Magnetic Storms},
  author={Lakhina, G.S. and Tsurutani, B.T. and Gonzalez, W.D.},
  year={2007},
  booktitle={Encyclopedia of Geomagnetism and Paleomagnetism},
  pages={404--406},
  doi={10.1007/978-1-4020-4423-6_141},
  url={https://doi.org/10.1007/978-1-4020-4423-6_141}
}
%%%
%%%%%%% LASTEST STUDY CORRELATION CRI SOLAR ACTIVITY
@article{Veselinovic2021,
  title={Correlation analysis of solar energetic particles and secondary cosmic ray flux},
  author={Veselinović, Nikola and Savić, Mihailo and Dragić, Aleksandar},
  year={2021},
  journal={The European Physical Journal D},
  volume={75},
  number={173}
}
%
%%%% SAMARA RUSOS
@article{Samara2018,
  title={Unusual Cosmic Ray Variations During the Forbush Decreases of June 2015},
  author={Samara, E. and Smponias, A. and Lytrosyngounis, I.},
  year={2018},
  journal={Solar Physics},
  volume={293},
  number={67}
}
%%
%%%%% DASSO SCALER MODE
@article{DASSO20121563,
  title={The scaler mode in the Pierre Auger Observatory to study heliospheric modulation of cosmic rays},
  author={Dasso, S and Asorey, H},
  year={2012},
  journal={Advances in Space Research},
  volume={49},
  number={11},
  pages={1563-1569},
  doi={https://doi.org/10.1016/j.asr.2011.12.028},
  url={https://www.sciencedirect.com/science/article/pii/S0273117711008684}
}
%
%%%% ROBERTA COLALILLO
@inproceedings{roberta_2018,
  title={Elves, Forbush Decreases and Solar Activity Studies at the Pierre Auger Observatory},
  author={Colalillo, Roberta},
  year={2018},
  booktitle={Ultra-High Energy Cosmic Rays (UHECR2016)},
  pages={011024},
  doi={10.7566/JPSCP.19.011024},
  url={https://ui.adsabs.harvard.edu/abs/2018uhec.confa1024C}
}
%
%%%%%% PERIODIC GCR MODULATIONS
@book{grieder_2001,
  title={Cosmic Rays at Earth},
  author={Grieder, P.K.F.},
  year={2001},
  publisher={Elsevier Science}
}
%
%%%% BELOV 2009
@inproceedings{belov_2009,
  title={Forbush effects and their connection with solar, interplanetary and geomagnetic phenomena},
  author={Belov, A. V.},
  year={2009},
  booktitle={Proceedings of the International Astronomical Union},
  volume={4},
  number={S257},
  pages={439--450}
}
%
%%%% WANG - FORBUSH WITH AMS SPATIAL SENSOR
@article{wang_2023,
  title={Properties of Forbush Decreases with AMS-02 Daily Proton Flux Data},
  author={Wang, Siqi and Bindi, Veronica and Consolandi, Cristina},
  year={2023},
  journal={The Astrophysical Journal},
  volume={950},
  number={1},
  pages={23},
  doi={10.3847/1538-4357/acca1b},
  url={https://dx.doi.org/10.3847/1538-4357/acca1b}
}
%
%%%% SING SEMIDIURNAL AND OTHER PERIODICITIES
@article{singh_2015,
  title={Short-Term Variations of Cosmic-Ray Intensity During the Recent Deep Solar Minimum and the Previous Four Solar Minima: A Wavelet Analysis},
  author={Singh, Y. and Badruddin,},
  year={2015},
  journal={Solar Physics},
  volume={290},
  doi={10.1007/s11207-015-0762-4}
}
%
%%%%%% SEMIDIURNAL ORIGINAL
@article{nicolson_1948,
  title={The Semi-Diurnal Variation in Cosmic Ray Intensity},
  author={Nicolson, Phyllis and Sarabhai, V},
  year={1948},
  journal={Proceedings of the Physical Society},
  volume={60},
  number={6},
  pages={509},
  doi={10.1088/0959-5309/60/6/302},
  url={https://dx.doi.org/10.1088/0959-5309/60/6/302}
}
%% SHALABY DIURNAL VARIATIONS
%%%
@article{shalaby_2022,
  title={The amplitude and phase distributions of cosmic ray variation at different conditions of Forbush decrease},
  author={Shalaby, S.El. and Motaweh, H.A. and Hanfi, M.Y.},
  year={2022},
  journal={Results in Physics},
  volume={43},
  pages={106076},
  doi={https://doi.org/10.1016/j.rinp.2022.106076},
  url={https://www.sciencedirect.com/science/article/pii/S2211379722006908}
}
%
%%% SARABHAI DAILY VARIATIONS
@article{sarabhai_1953,
  title={Meteorological and extra-terrestrial causes of the daily variation of cosmic ray intensity},
  author={Sarabhai, V and Desai, UD and Kane, RP},
  year={1953},
  journal={Proc. Indian Acad. Sci.},
  volume={37},
  pages={287--303},
  url={https://doi.org/10.1007/BF03052712}
}
%
%%%%%%% SAMARA AMPLITUDES FD JUNIO
@article{samara_2018,
  title={Unusual Cosmic Ray Variations During the Forbush Decreases of June 2015},
  author={Samara, Eirini and Smponias, A. and Lytrosyngounis, Ioannis},
  year={2018},
  journal={Solar Physics},
  volume={293},
  doi={10.1007/s11207-018-1290-9}
}
%
%%%% MAGNETOSFERA IMAGEN
@phdthesis{tenerani_2012,
  title={Dynamics of ion-scale coherent magnetic structures and coupling with whistler waves during substorms},
  author={Tenerani, Anna},
  year={2012}
}
%
%%%%% NO RECURRENT FD
@article{papaioannou_2020,
  title={Interplanetary Coronal Mass Ejections as the Driver of Non-recurrent Forbush Decreases},
  author={Papaioannou, Athanasios and Belov, Anatoly and Abunina, Maria},
  year={2020},
  journal={The Astrophysical Journal},
  volume={890},
  pages={101},
  doi={10.3847/1538-4357/ab6bd1}
}
%
%%%%% RECURRENT FD
@article{kallaya_2021,
  title={Characteristics of recurrent Forbush decreases in Galactic cosmic ray intensity during positive and negative solar magnetic polarities},
  author={Kallaya, O. and Yeeram, T.},
  year={2021},
  journal={Astrophysics and Space Science},
  volume={366},
  number={7},
  pages={61},
  doi={10.1007/s10509-021-03970-2},
  url={https://doi.org/10.1007/s10509-021-03970-2},
  publisher={Springer},
  issn={1572-946X}
}
%%%%% DEFINITION OF FORBUSH
%%%%%%%%%%%%%%%%%%%%%%%%%%%%%%
@article{lingri_2016,
  title={Solar Activity Parameters and Associated Forbush Decreases During the Minimum Between Cycles 23 and 24 and the Ascending Phase of Cycle 24},
  author={Lingri, D. and Mavromichalaki, H. and Belov, A.},
  year={2016},
  journal={Solar Physics},
  volume={291},
  number={3},
  pages={1025-1041},
  doi={10.1007/s11207-016-0863-8},
  url={https://ui.adsabs.harvard.edu/abs/2016SoPh..291.1025L}
}
%% BELOV 2009 FORBUSH DEFINITIONSSS
%%%%%%%%%%%%%%%%%%%%%%%
@inproceedings{belov_2009,
  title={Forbush effects and their connection with solar, interplanetary and geomagnetic phenomena},
  author={Belov, A.~V.},
  year={2009},
  booktitle={Universal Heliophysical Processes},
  editor={Gopalswamy, N. and Webb, D.~F.},
  volume={257},
  pages={439-450},
  doi={10.1017/S1743921309029676},
  url={https://ui.adsabs.harvard.edu/abs/2009IAUS..257..439B}
}
%
%%%%%%%% FORBUSH 21 JUNE 2015
@article{gopalswamy_2018,
  title={Sun-to-earth propagation of the 2015 June 21 coronal mass ejection revealed by optical, EUV, and radio observations},
  author={Gopalswamy, N. and Mӓkelӓ, P. and Akiyama, S.},
  year={2018},
  journal={Journal of Atmospheric and Solar-Terrestrial Physics},
  volume={179},
  pages={225–238},
  doi={10.1016/j.jastp.2018.07.013},
  url={http://dx.doi.org/10.1016/j.jastp.2018.07.013}
}








